<?xml version="1.0" encoding="UTF-8"?>
<!DOCTYPE html PUBLIC "-//W3C//DTD XHTML 1.0 Transitional//EN"
    "http://www.w3.org/TR/xhtml1/DTD/xhtml1-transitional.dtd">
<html xmlns="http://www.w3.org/1999/xhtml" xml:lang="en" lang="en">
 <head>
  <title>
</title>
<meta http-equiv="Content-Type" content="text/html;charset=utf-8" />
  <meta name='ocr-system' content='tesseract 3.04.00' />
  <meta name='ocr-capabilities' content='ocr_page ocr_carea ocr_par ocr_line ocrx_word'/>
</head>
<body>
  <div class='ocr_page' id='page_1' title='image "./vindiciaelvcvlen00macn_0155.png"; bbox 0 0 2258 3016; ppageno 0'>
   <div class='ocr_carea' id='block_1_1' title="bbox 613 125 2138 192">
    <p class='ocr_par' dir='ltr' id='par_1_1' title="bbox 613 125 2138 192">
     <span class='ocr_line' id='line_1_1' title="bbox 613 125 2138 192; baseline 0.003 -15"><span class='ocrx_word' id='word_1_1' title='bbox 613 125 921 178; x_wconf 81' lang='lat' dir='ltr'><strong>SOCIET.</strong></span> <span class='ocrx_word' id='word_1_2' title='bbox 965 127 1120 179; x_wconf 88' lang='lat' dir='ltr'><strong>IND.</strong></span> <span class='ocrx_word' id='word_1_3' title='bbox 1163 129 1756 180; x_wconf 82' lang='lat' dir='ltr'><strong>ORIENTALIUM.</strong></span> <span class='ocrx_word' id='word_1_4' title='bbox 2096 145 2138 192; x_wconf 84' lang='grc'>15</span> 
     </span>
    </p>
   </div>
   <div class='ocr_carea' id='block_1_2' title="bbox 215 245 1141 1201">
    <p class='ocr_par' dir='ltr' id='par_1_2' title="bbox 215 245 1141 1201">
     <span class='ocr_line' id='line_1_2' title="bbox 229 245 1141 298; baseline 0 -1"><span class='ocrx_word' id='word_1_5' title='bbox 229 246 394 298; x_wconf 86' lang='lat' dir='ltr'>Indias</span> <span class='ocrx_word' id='word_1_6' title='bbox 427 245 775 297; x_wconf 81' lang='lat' dir='ltr'>Lusitanorum</span> <span class='ocrx_word' id='word_1_7' title='bbox 808 247 957 297; x_wconf 88' lang='lat' dir='ltr'>armis</span> <span class='ocrx_word' id='word_1_8' title='bbox 1001 248 1141 297; x_wconf 90' lang='lat' dir='ltr'>inva-</span> 
     </span>
     <span class='ocr_line' id='line_1_3' title="bbox 228 318 1139 390; baseline 0 -17"><span class='ocrx_word' id='word_1_9' title='bbox 228 320 349 373; x_wconf 87' lang='lat' dir='ltr'>dere</span> <span class='ocrx_word' id='word_1_10' title='bbox 382 321 555 386; x_wconf 80' lang='lat' dir='ltr'>vellet,</span> <span class='ocrx_word' id='word_1_11' title='bbox 575 323 626 373; x_wconf 76' lang='grc' dir='ltr'>δι</span> <span class='ocrx_word' id='word_1_12' title='bbox 656 318 743 372; x_wconf 90' lang='lat' dir='ltr'>sub</span> <span class='ocrx_word' id='word_1_13' title='bbox 766 334 1001 390; x_wconf 82' lang='lat' dir='ltr'>praetextu</span> <span class='ocrx_word' id='word_1_14' title='bbox 1025 320 1139 378; x_wconf 87' lang='lat' dir='ltr'>illos</span> 
     </span>
     <span class='ocr_line' id='line_1_4' title="bbox 227 395 1137 461; baseline 0 -13"><span class='ocrx_word' id='word_1_15' title='bbox 227 395 501 448; x_wconf 88' lang='lat' dir='ltr'>reducendi</span> <span class='ocrx_word' id='word_1_16' title='bbox 522 397 583 447; x_wconf 86' lang='lat' dir='ltr'>ad</span> <span class='ocrx_word' id='word_1_17' title='bbox 613 395 746 447; x_wconf 85' lang='lat' dir='ltr'>suam</span> <span class='ocrx_word' id='word_1_18' title='bbox 769 396 1137 461; x_wconf 80' lang='lat' dir='ltr'>obedientiam,</span> 
     </span>
     <span class='ocr_line' id='line_1_5' title="bbox 225 465 1137 535; baseline 0 -12"><span class='ocrx_word' id='word_1_19' title='bbox 225 470 367 523; x_wconf 89' lang='lat' dir='ltr'>bello</span> <span class='ocrx_word' id='word_1_20' title='bbox 409 465 676 535; x_wconf 79' lang='lat' dir='ltr'>lacesseret,</span> <span class='ocrx_word' id='word_1_21' title='bbox 717 470 842 523; x_wconf 91' lang='lat' dir='ltr'>illud</span> <span class='ocrx_word' id='word_1_22' title='bbox 881 470 986 522; x_wconf 85' lang='lat' dir='ltr'>fieri</span> <span class='ocrx_word' id='word_1_23' title='bbox 1030 489 1137 523; x_wconf 91' lang='lat' dir='ltr'>non</span> 
     </span>
     <span class='ocr_line' id='line_1_6' title="bbox 223 542 1138 616; baseline 0.001 -19"><span class='ocrx_word' id='word_1_24' title='bbox 223 542 378 616; x_wconf 75' lang='lat' dir='ltr'>posse,</span> <span class='ocrx_word' id='word_1_25' title='bbox 412 544 500 596; x_wconf 82' lang='lat' dir='ltr'>nisi</span> <span class='ocrx_word' id='word_1_26' title='bbox 534 562 651 596; x_wconf 87' lang='lat' dir='ltr'>cum</span> <span class='ocrx_word' id='word_1_27' title='bbox 692 563 874 614; x_wconf 84' lang='lat' dir='ltr'>magna</span> <span class='ocrx_word' id='word_1_28' title='bbox 908 546 1138 598; x_wconf 83' lang='lat' dir='ltr'>molestia</span> 
     </span>
     <span class='ocr_line' id='line_1_7' title="bbox 223 620 1137 689; baseline 0.002 -18"><span class='ocrx_word' id='word_1_29' title='bbox 223 637 378 689; x_wconf 88' lang='lat' dir='ltr'>atque</span> <span class='ocrx_word' id='word_1_30' title='bbox 414 620 640 688; x_wconf 88' lang='lat' dir='ltr'>periculo</span> <span class='ocrx_word' id='word_1_31' title='bbox 682 622 942 672; x_wconf 87' lang='lat' dir='ltr'>Societatis</span> <span class='ocrx_word' id='word_1_32' title='bbox 984 622 1137 673; x_wconf 86' lang='lat' dir='ltr'>1ndiae</span> 
     </span>
     <span class='ocr_line' id='line_1_8' title="bbox 223 695 1136 764; baseline 0 -17"><span class='ocrx_word' id='word_1_33' title='bbox 223 695 521 757; x_wconf 78' lang='lat' dir='ltr'>Orientali5‚</span> <span class='ocrx_word' id='word_1_34' title='bbox 544 711 650 764; x_wconf 84' lang='lat' dir='ltr'>quae</span> <span class='ocrx_word' id='word_1_35' title='bbox 662 695 763 748; x_wconf 90' lang='lat' dir='ltr'>hoc</span> <span class='ocrx_word' id='word_1_36' title='bbox 785 696 946 746; x_wconf 91' lang='lat' dir='ltr'>modo</span> <span class='ocrx_word' id='word_1_37' title='bbox 971 697 1136 748; x_wconf 88' lang='lat' dir='ltr'>conti·</span> 
     </span>
     <span class='ocr_line' id='line_1_9' title="bbox 222 769 1133 824; baseline -0.002 0"><span class='ocrx_word' id='word_1_38' title='bbox 222 786 325 824; x_wconf 88' lang='lat' dir='ltr'>nue</span> <span class='ocrx_word' id='word_1_39' title='bbox 347 769 660 822; x_wconf 84' lang='lat' dir='ltr'>infestaretur</span> <span class='ocrx_word' id='word_1_40' title='bbox 681 788 736 822; x_wconf 90' lang='lat' dir='ltr'>ac</span> <span class='ocrx_word' id='word_1_41' title='bbox 759 772 1133 822; x_wconf 88' lang='lat' dir='ltr'>maximumin-</span> 
     </span>
     <span class='ocr_line' id='line_1_10' title="bbox 219 843 1133 919; baseline 0 -21"><span class='ocrx_word' id='word_1_42' title='bbox 219 846 285 898; x_wconf 91' lang='lat' dir='ltr'>de</span> <span class='ocrx_word' id='word_1_43' title='bbox 297 845 661 897; x_wconf 85' lang='lat' dir='ltr'>detrimentum</span> <span class='ocrx_word' id='word_1_44' title='bbox 677 843 897 899; x_wconf 85' lang='lat' dir='ltr'>sentiret.</span> <span class='ocrx_word' id='word_1_45' title='bbox 932 849 1133 919; x_wconf 74' lang='lat' dir='ltr'>Qatn-</span> 
     </span>
     <span class='ocr_line' id='line_1_11' title="bbox 219 921 1131 988; baseline 0 -15"><span class='ocrx_word' id='word_1_46' title='bbox 219 922 419 984; x_wconf 87' lang='lat' dir='ltr'>obrem‚</span> <span class='ocrx_word' id='word_1_47' title='bbox 448 938 566 972; x_wconf 89' lang='lat' dir='ltr'>curn</span> <span class='ocrx_word' id='word_1_48' title='bbox 582 922 874 988; x_wconf 89' lang='lat' dir='ltr'>reverentia,</span> <span class='ocrx_word' id='word_1_49' title='bbox 888 921 1131 973; x_wconf 88' lang='lat' dir='ltr'>existima-</span> 
     </span>
     <span class='ocr_line' id='line_1_12' title="bbox 219 991 1130 1062; baseline -0.001 -13"><span class='ocrx_word' id='word_1_50' title='bbox 219 1014 351 1062; x_wconf 79' lang='lat' dir='ltr'>mus,</span> <span class='ocrx_word' id='word_1_51' title='bbox 385 991 707 1048; x_wconf 84' lang='lat' dir='ltr'>necessarium</span> <span class='ocrx_word' id='word_1_52' title='bbox 741 991 863 1061; x_wconf 84' lang='lat' dir='ltr'>effe,</span> <span class='ocrx_word' id='word_1_53' title='bbox 899 1009 953 1047; x_wconf 90' lang='lat' dir='ltr'>ut</span> <span class='ocrx_word' id='word_1_54' title='bbox 1008 998 1130 1061; x_wconf 85' lang='lat' dir='ltr'>(Hi-</span> 
     </span>
     <span class='ocr_line' id='line_1_13' title="bbox 215 1070 1131 1141; baseline -0.003 -15"><span class='ocrx_word' id='word_1_55' title='bbox 215 1071 380 1141; x_wconf 86' lang='lat' dir='ltr'>spani)</span> <span class='ocrx_word' id='word_1_56' title='bbox 422 1070 483 1122; x_wconf 84' lang='lat' dir='ltr'>ab</span> <span class='ocrx_word' id='word_1_57' title='bbox 506 1071 658 1123; x_wconf 88' lang='lat' dir='ltr'>Indiis</span> <span class='ocrx_word' id='word_1_58' title='bbox 679 1071 1030 1125; x_wconf 72' lang='lat' dir='ltr'>Lusitanorum</span> <span class='ocrx_word' id='word_1_59' title='bbox 1056 1086 1131 1125; x_wconf 88' lang='lat' dir='ltr'>et-</span> 
     </span>
     <span class='ocr_line' id='line_1_14' title="bbox 215 1149 624 1201; baseline -0.007 0"><span class='ocrx_word' id='word_1_60' title='bbox 215 1149 318 1201; x_wconf 88' lang='lat' dir='ltr'>iam</span> <span class='ocrx_word' id='word_1_61' title='bbox 350 1161 624 1200; x_wconf 83' lang='lat' dir='ltr'>arceantur.</span> 
     </span>
    </p>
   </div>
   <div class='ocr_carea' id='block_1_3' title="bbox 712 208 1750 226">
    <p class='ocr_par' dir='ltr' id='par_1_3' title="bbox 712 208 1750 226">
     <span class='ocr_line' id='line_1_15' title="bbox 712 208 1750 226; baseline -0.003 -2"><span class='ocrx_word' id='word_1_62' title='bbox 712 208 1750 226; x_wconf 51' lang='lat' dir='ltr'>*mm——</span> 
     </span>
    </p>
   </div>
   <div class='ocr_carea' id='block_1_4' title="bbox 1755 210 2126 226">
    <p class='ocr_par' dir='ltr' id='par_1_4' title="bbox 1755 210 2126 226">
     <span class='ocr_line' id='line_1_16' title="bbox 1755 210 2126 226; baseline 0 2790"><span class='ocrx_word' id='word_1_63' title='bbox 1755 210 2126 226; x_wconf 95' lang='lat' dir='ltr'> </span> 
     </span>
    </p>
   </div>
   <div class='ocr_carea' id='block_1_5' title="bbox 1194 242 2131 1291">
    <p class='ocr_par' dir='ltr' id='par_1_5' title="bbox 1194 242 2131 1291">
     <span class='ocr_line' id='line_1_17' title="bbox 1210 242 2131 316; baseline 0.008 -28"><span class='ocrx_word' id='word_1_64' title='bbox 1210 242 1292 305; x_wconf 87' lang='lat' dir='ltr'>jen</span> <span class='ocrx_word' id='word_1_65' title='bbox 1312 245 1364 291; x_wconf 81' lang='lat' dir='ltr'>in</span> <span class='ocrx_word' id='word_1_66' title='bbox 1388 244 1665 312; x_wconf 73' lang='lat' dir='ltr'>Portugaels</span> <span class='ocrx_word' id='word_1_67' title='bbox 1687 242 1860 295; x_wconf 84' lang='lat' dir='ltr'>Indien</span> <span class='ocrx_word' id='word_1_68' title='bbox 1883 258 1981 295; x_wconf 86' lang='lat' dir='ltr'>met</span> <span class='ocrx_word' id='word_1_69' title='bbox 1998 264 2131 316; x_wconf 83' lang='lat' dir='ltr'>groo-</span> 
     </span>
     <span class='ocr_line' id='line_1_18' title="bbox 1208 317 2125 390; baseline 0.009 -27"><span class='ocrx_word' id='word_1_70' title='bbox 1208 328 1256 364; x_wconf 80' lang='lat' dir='ltr'>te</span> <span class='ocrx_word' id='word_1_71' title='bbox 1289 329 1421 388; x_wconf 79' lang='lat' dir='ltr'>magt</span> <span class='ocrx_word' id='word_1_72' title='bbox 1430 317 1581 385; x_wconf 78' lang='lat' dir='ltr'>stmde</span> <span class='ocrx_word' id='word_1_73' title='bbox 1609 337 1772 390; x_wconf 84' lang='lat' dir='ltr'>mogen</span> <span class='ocrx_word' id='word_1_74' title='bbox 1813 319 2125 390; x_wconf 73' lang='lat' dir='ltr'>verfihynen,</span> 
     </span>
     <span class='ocr_line' id='line_1_19' title="bbox 1205 389 2125 466; baseline 0.008 -26"><span class='ocrx_word' id='word_1_75' title='bbox 1205 389 1355 441; x_wconf 83' lang='lat' dir='ltr'>onder</span> <span class='ocrx_word' id='word_1_76' title='bbox 1385 405 1584 459; x_wconf 81' lang='lat' dir='ltr'>praetext</span> <span class='ocrx_word' id='word_1_77' title='bbox 1614 412 1717 446; x_wconf 80' lang='lat' dir='ltr'>van</span> <span class='ocrx_word' id='word_1_78' title='bbox 1750 392 1811 444; x_wconf 88' lang='lat' dir='ltr'>de</span> <span class='ocrx_word' id='word_1_79' title='bbox 1843 400 2008 466; x_wconf 81' lang='lat' dir='ltr'><em>Portug</em></span> <span class='ocrx_word' id='word_1_80' title='bbox 2007 397 2125 464; x_wconf 81' lang='lat' dir='ltr'>yfen</span> 
     </span>
     <span class='ocr_line' id='line_1_20' title="bbox 1207 465 2123 541; baseline 0.008 -27"><span class='ocrx_word' id='word_1_81' title='bbox 1207 465 1354 517; x_wconf 83' lang='lat' dir='ltr'>onder</span> <span class='ocrx_word' id='word_1_82' title='bbox 1373 467 1466 535; x_wconf 69' lang='lat' dir='ltr'>fin</span> <span class='ocrx_word' id='word_1_83' title='bbox 1493 466 1873 541; x_wconf 69' lang='lat' dir='ltr'>geboorsbembyt</span> <span class='ocrx_word' id='word_1_84' title='bbox 1900 483 1949 520; x_wconf 86' lang='lat' dir='ltr'>te</span> <span class='ocrx_word' id='word_1_85' title='bbox 1981 469 2123 522; x_wconf 84' lang='lat' dir='ltr'>redu-</span> 
     </span>
     <span class='ocr_line' id='line_1_21' title="bbox 1207 540 2116 615; baseline 0.008 -25"><span class='ocrx_word' id='word_1_86' title='bbox 1207 558 1363 603; x_wconf 88' lang='lat' dir='ltr'>ceren,</span> <span class='ocrx_word' id='word_1_87' title='bbox 1387 541 1508 593; x_wconf 86' lang='lat' dir='ltr'>ende</span> <span class='ocrx_word' id='word_1_88' title='bbox 1530 540 1643 594; x_wconf 80' lang='lat' dir='ltr'>dien</span> <span class='ocrx_word' id='word_1_89' title='bbox 1664 547 1857 615; x_wconf 86' lang='lat' dir='ltr'>volgens</span> <span class='ocrx_word' id='word_1_90' title='bbox 1879 544 1997 596; x_wconf 81' lang='lat' dir='ltr'>haer</span> <span class='ocrx_word' id='word_1_91' title='bbox 2019 565 2116 597; x_wconf 85' lang='lat' dir='ltr'>oor-</span> 
     </span>
     <span class='ocr_line' id='line_1_22' title="bbox 1207 615 2114 688; baseline 0.009 -25"><span class='ocrx_word' id='word_1_92' title='bbox 1207 616 1306 686; x_wconf 85' lang='lat' dir='ltr'>loge</span> <span class='ocrx_word' id='word_1_93' title='bbox 1325 615 1559 680; x_wconf 81' lang='lat' dir='ltr'>aendede‚</span> <span class='ocrx_word' id='word_1_94' title='bbox 1580 616 1666 668; x_wconf 82' lang='lat' dir='ltr'>dat</span> <span class='ocrx_word' id='word_1_95' title='bbox 1685 624 1830 670; x_wconf 79' lang='lat' dir='ltr'><em>zulcx</em></span> <span class='ocrx_word' id='word_1_96' title='bbox 1842 625 1943 670; x_wconf 81' lang='lat' dir='ltr'>niet</span> <span class='ocrx_word' id='word_1_97' title='bbox 1964 619 2114 688; x_wconf 72' lang='lat' dir='ltr'>fonde</span> 
     </span>
     <span class='ocr_line' id='line_1_23' title="bbox 1205 691 2116 767; baseline 0.007 -27"><span class='ocrx_word' id='word_1_98' title='bbox 1205 692 1392 742; x_wconf 80' lang='lat' dir='ltr'>konnen</span> <span class='ocrx_word' id='word_1_99' title='bbox 1422 691 1716 762; x_wconf 81' lang='lat' dir='ltr'>geschieden‚</span> <span class='ocrx_word' id='word_1_100' title='bbox 1746 697 1823 746; x_wconf 81' lang='lat' dir='ltr'>als</span> <span class='ocrx_word' id='word_1_101' title='bbox 1865 708 1962 746; x_wconf 85' lang='lat' dir='ltr'>met</span> <span class='ocrx_word' id='word_1_102' title='bbox 1983 708 2116 767; x_wconf 82' lang='lat' dir='ltr'>groot</span> 
     </span>
     <span class='ocr_line' id='line_1_24' title="bbox 1203 764 2115 837; baseline 0.005 -20"><span class='ocrx_word' id='word_1_103' title='bbox 1203 764 1448 818; x_wconf 81' lang='lat' dir='ltr'>bedenken</span> <span class='ocrx_word' id='word_1_104' title='bbox 1490 765 1612 819; x_wconf 84' lang='lat' dir='ltr'>ende</span> <span class='ocrx_word' id='word_1_105' title='bbox 1652 773 1897 837; x_wconf 84' lang='lat' dir='ltr'>periculen</span> <span class='ocrx_word' id='word_1_106' title='bbox 1929 770 2025 823; x_wconf 62' lang='lat' dir='ltr'>ban</span> <span class='ocrx_word' id='word_1_107' title='bbox 2056 770 2115 823; x_wconf 85' lang='lat' dir='ltr'>de</span> 
     </span>
     <span class='ocr_line' id='line_1_25' title="bbox 1203 840 2115 914; baseline 0.007 -22"><span class='ocrx_word' id='word_1_108' title='bbox 1203 840 1564 912; x_wconf 66' lang='lat' dir='ltr'>Geoc‘i‘royeerde</span> <span class='ocrx_word' id='word_1_109' title='bbox 1584 844 1713 913; x_wconf 87' lang='lat' dir='ltr'><em>Oost-</em></span> <span class='ocrx_word' id='word_1_110' title='bbox 1728 843 1834 897; x_wconf 86' lang='lat' dir='ltr'>Ind.</span> <span class='ocrx_word' id='word_1_111' title='bbox 1858 850 2013 914; x_wconf 86' lang='lat' dir='ltr'>Comp.</span> <span class='ocrx_word' id='word_1_112' title='bbox 2034 846 2115 898; x_wconf 80' lang='lat' dir='ltr'>die</span> 
     </span>
     <span class='ocr_line' id='line_1_26' title="bbox 1200 915 2111 991; baseline 0.007 -24"><span class='ocrx_word' id='word_1_113' title='bbox 1200 915 1322 969; x_wconf 83' lang='lat' dir='ltr'>daer</span> <span class='ocrx_word' id='word_1_114' title='bbox 1354 917 1462 969; x_wconf 86' lang='lat' dir='ltr'>door</span> <span class='ocrx_word' id='word_1_115' title='bbox 1492 923 1546 970; x_wconf 82' lang='lat' dir='ltr'>in</span> <span class='ocrx_word' id='word_1_116' title='bbox 1575 938 1662 970; x_wconf 89' lang='lat' dir='ltr'>een</span> <span class='ocrx_word' id='word_1_117' title='bbox 1683 920 1893 991; x_wconf 76' lang='lat' dir='ltr'>gestadtg</span> <span class='ocrx_word' id='word_1_118' title='bbox 1933 922 2111 985; x_wconf 80' lang='lat' dir='ltr'>alarm,</span> 
     </span>
     <span class='ocr_line' id='line_1_27' title="bbox 1199 991 2111 1067; baseline 0.007 -25"><span class='ocrx_word' id='word_1_119' title='bbox 1199 1005 1268 1043; x_wconf 81' lang='lat' dir='ltr'>tot</span> <span class='ocrx_word' id='word_1_120' title='bbox 1289 991 1410 1043; x_wconf 78' lang='lat' dir='ltr'>haer</span> <span class='ocrx_word' id='word_1_121' title='bbox 1423 1007 1583 1063; x_wconf 82' lang='lat' dir='ltr'>groote</span> <span class='ocrx_word' id='word_1_122' title='bbox 1603 994 1760 1059; x_wconf 72' lang='lat' dir='ltr'>kosten</span> <span class='ocrx_word' id='word_1_123' title='bbox 1773 994 1921 1064; x_wconf 67' lang='lat' dir='ltr'>fiaude</span> <span class='ocrx_word' id='word_1_124' title='bbox 1935 995 2111 1067; x_wconf 81' lang='lat' dir='ltr'>gehou-</span> 
     </span>
     <span class='ocr_line' id='line_1_28' title="bbox 1199 1067 2114 1139; baseline 0.007 -23"><span class='ocrx_word' id='word_1_125' title='bbox 1199 1067 1293 1119; x_wconf 87' lang='lat' dir='ltr'>den</span> <span class='ocrx_word' id='word_1_126' title='bbox 1315 1067 1553 1133; x_wconf 52' lang='lat' dir='ltr'>hoveden,</span> <span class='ocrx_word' id='word_1_127' title='bbox 1567 1068 1687 1121; x_wconf 84' lang='lat' dir='ltr'>ende</span> <span class='ocrx_word' id='word_1_128' title='bbox 1699 1088 1933 1122; x_wconf 83' lang='lat' dir='ltr'>vvaerom</span> <span class='ocrx_word' id='word_1_129' title='bbox 1931 1071 1990 1139; x_wconf 82' lang='lat' dir='ltr'>sy</span> <span class='ocrx_word' id='word_1_130' title='bbox 2011 1071 2114 1122; x_wconf 76' lang='lat' dir='ltr'>dan</span> 
     </span>
     <span class='ocr_line' id='line_1_29' title="bbox 1196 1143 2111 1215; baseline 0.001 -20"><span class='ocrx_word' id='word_1_131' title='bbox 1196 1145 1294 1206; x_wconf 90' lang='lat' dir='ltr'>ook,</span> <span class='ocrx_word' id='word_1_132' title='bbox 1316 1143 1473 1207; x_wconf 42' lang='lat' dir='ltr'>ander,</span> <span class='ocrx_word' id='word_1_133' title='bbox 1497 1149 1784 1211; x_wconf 64' lang='lat' dir='ltr'>reverentie,</span> <span class='ocrx_word' id='word_1_134' title='bbox 1816 1146 2111 1215; x_wconf 68' lang='lat' dir='ltr'>nootst&#39;aekelyk</span> 
     </span>
     <span class='ocr_line' id='line_1_30' title="bbox 1194 1218 2111 1291; baseline 0.004 -21"><span class='ocrx_word' id='word_1_135' title='bbox 1194 1231 1276 1286; x_wconf 81' lang='lat' dir='ltr'>uyt</span> <span class='ocrx_word' id='word_1_136' title='bbox 1294 1221 1566 1290; x_wconf 79' lang='lat' dir='ltr'>Portugaels</span> <span class='ocrx_word' id='word_1_137' title='bbox 1578 1218 1748 1273; x_wconf 85' lang='lat' dir='ltr'>Indien</span> <span class='ocrx_word' id='word_1_138' title='bbox 1756 1219 1914 1291; x_wconf 63' lang='lat' dir='ltr'>staden</span> <span class='ocrx_word' id='word_1_139' title='bbox 1925 1234 2111 1274; x_wconf 77' lang='lat' dir='ltr'>moeten</span> 
     </span>
    </p>
   </div>
   <div class='ocr_carea' id='block_1_6' title="bbox 1187 1293 1711 1367">
    <p class='ocr_par' dir='ltr' id='par_1_6' title="bbox 1187 1293 1711 1367">
     <span class='ocr_line' id='line_1_31' title="bbox 1187 1293 1711 1367; baseline 0.004 -23"><span class='ocrx_word' id='word_1_140' title='bbox 1187 1293 1436 1367; x_wconf 76' lang='lat' dir='ltr'>gehouden</span> <span class='ocrx_word' id='word_1_141' title='bbox 1470 1295 1711 1348; x_wconf 84' lang='lat' dir='ltr'>vvorden.</span> 
     </span>
    </p>
   </div>
   <div class='ocr_carea' id='block_1_7' title="bbox 208 1414 2109 1640">
    <p class='ocr_par' dir='ltr' id='par_1_7' title="bbox 208 1414 2109 1640">
     <span class='ocr_line' id='line_1_32' title="bbox 367 1414 2109 1486; baseline -0.003 -13"><span class='ocrx_word' id='word_1_142' title='bbox 367 1425 569 1473; x_wconf 87' lang='lat' dir='ltr'>Durum</span> <span class='ocrx_word' id='word_1_143' title='bbox 591 1417 853 1470; x_wconf 87' lang='lat' dir='ltr'>videbatur</span> <span class='ocrx_word' id='word_1_144' title='bbox 873 1416 1120 1486; x_wconf 77' lang='lat' dir='ltr'>HispaniS,</span> <span class='ocrx_word' id='word_1_145' title='bbox 1143 1415 1192 1467; x_wconf 88' lang='lat'>&amp;</span> <span class='ocrx_word' id='word_1_146' title='bbox 1217 1414 1359 1467; x_wconf 88' lang='lat' dir='ltr'>valde</span> <span class='ocrx_word' id='word_1_147' title='bbox 1395 1416 1630 1484; x_wconf 88' lang='lat' dir='ltr'>iniquum</span> <span class='ocrx_word' id='word_1_148' title='bbox 1669 1415 1789 1467; x_wconf 88' lang='lat' dir='ltr'>huic</span> <span class='ocrx_word' id='word_1_149' title='bbox 1822 1415 1939 1484; x_wconf 87' lang='lat' dir='ltr'>legi,</span> <span class='ocrx_word' id='word_1_150' title='bbox 1969 1415 2030 1468; x_wconf 87' lang='lat' dir='ltr'>de</span> <span class='ocrx_word' id='word_1_151' title='bbox 2049 1415 2109 1484; x_wconf 88' lang='lat' dir='ltr'>fe</span> 
     </span>
     <span class='ocr_line' id='line_1_33' title="bbox 211 1489 2109 1561; baseline -0.005 -12"><span class='ocrx_word' id='word_1_152' title='bbox 211 1515 306 1550; x_wconf 79' lang='lat' dir='ltr'>non</span> <span class='ocrx_word' id='word_1_153' title='bbox 327 1500 529 1548; x_wconf 80' lang='lat' dir='ltr'>ulterius</span> <span class='ocrx_word' id='word_1_154' title='bbox 554 1492 870 1554; x_wconf 84' lang='lat' dir='ltr'>extendendo,</span> <span class='ocrx_word' id='word_1_155' title='bbox 896 1489 1201 1557; x_wconf 88' lang='lat' dir='ltr'>consentire,</span> <span class='ocrx_word' id='word_1_156' title='bbox 1234 1492 1305 1541; x_wconf 91' lang='lat' dir='ltr'>uti</span> <span class='ocrx_word' id='word_1_157' title='bbox 1339 1490 1530 1542; x_wconf 87' lang='lat' dir='ltr'>constat</span> <span class='ocrx_word' id='word_1_158' title='bbox 1561 1507 1619 1541; x_wconf 87' lang='lat' dir='ltr'>ex</span> <span class='ocrx_word' id='word_1_159' title='bbox 1653 1490 1889 1560; x_wconf 79' lang='lat' dir='ltr'>responsis</span> <span class='ocrx_word' id='word_1_160' title='bbox 1911 1492 2109 1561; x_wconf 81' lang='lat' dir='ltr'>legato-</span> 
     </span>
     <span class='ocr_line' id='line_1_34' title="bbox 208 1564 2107 1640; baseline -0.004 -16"><span class='ocrx_word' id='word_1_161' title='bbox 208 1590 324 1624; x_wconf 85' lang='lat' dir='ltr'>rum</span> <span class='ocrx_word' id='word_1_162' title='bbox 347 1571 707 1640; x_wconf 80' lang='lat' dir='ltr'>Hispanorum,</span> <span class='ocrx_word' id='word_1_163' title='bbox 731 1587 841 1640; x_wconf 88' lang='lat' dir='ltr'>quae</span> <span class='ocrx_word' id='word_1_164' title='bbox 860 1580 1035 1620; x_wconf 85' lang='lat' dir='ltr'>notata</span> <span class='ocrx_word' id='word_1_165' title='bbox 1057 1564 1169 1618; x_wconf 90' lang='lat' dir='ltr'>sunt</span> <span class='ocrx_word' id='word_1_166' title='bbox 1191 1568 1245 1617; x_wconf 90' lang='lat' dir='ltr'>in</span> <span class='ocrx_word' id='word_1_167' title='bbox 1265 1565 1403 1618; x_wconf 69' lang='lat' dir='ltr'>Astis</span> <span class='ocrx_word' id='word_1_168' title='bbox 1424 1568 1730 1637; x_wconf 85' lang='lat' dir='ltr'>Legatorum</span> <span class='ocrx_word' id='word_1_169' title='bbox 1743 1565 2107 1621; x_wconf 82' lang='lat' dir='ltr'>FoederatiBel-</span> 
     </span>
    </p>
   </div>
   <div class='ocr_carea' id='block_1_8' title="bbox 209 1646 677 1718">
    <p class='ocr_par' dir='ltr' id='par_1_8' title="bbox 209 1646 677 1718">
     <span class='ocr_line' id='line_1_35' title="bbox 209 1646 677 1718; baseline -0.006 -20"><span class='ocrx_word' id='word_1_170' title='bbox 209 1649 298 1718; x_wconf 84' lang='lat' dir='ltr'>gii,</span> <span class='ocrx_word' id='word_1_171' title='bbox 320 1663 358 1714; x_wconf 89' lang='lat'>7.</span> <span class='ocrx_word' id='word_1_172' title='bbox 380 1647 517 1699; x_wconf 82' lang='lat' dir='ltr'>Febr.</span> <span class='ocrx_word' id='word_1_173' title='bbox 543 1646 677 1713; x_wconf 87' lang='lat'><em>1647.</em></span> 
     </span>
    </p>
   </div>
   <div class='ocr_carea' id='block_1_9' title="bbox 207 1791 1124 1999">
    <p class='ocr_par' dir='ltr' id='par_1_9' title="bbox 207 1791 1124 1999">
     <span class='ocr_line' id='line_1_36' title="bbox 207 1791 1124 1906; baseline -0.005 -58"><span class='ocrx_word' id='word_1_174' title='bbox 207 1794 489 1906; x_wconf 87' lang='lat' dir='ltr'>INiquum</span> <span class='ocrx_word' id='word_1_175' title='bbox 529 1791 642 1859; x_wconf 76' lang='lat' dir='ltr'>effe,</span> <span class='ocrx_word' id='word_1_176' title='bbox 676 1797 867 1864; x_wconf 81' lang='lat' dir='ltr'>Regem</span> <span class='ocrx_word' id='word_1_177' title='bbox 905 1791 1124 1878; x_wconf 70' lang='lat' dir='ltr'>impedi-</span> 
     </span>
     <span class='ocr_line' id='line_1_37' title="bbox 281 1866 1122 1940; baseline -0.005 -18"><span class='ocrx_word' id='word_1_178' title='bbox 281 1889 333 1923; x_wconf 89' lang='lat' dir='ltr'>re</span> <span class='ocrx_word' id='word_1_179' title='bbox 377 1871 505 1924; x_wconf 85' lang='lat' dir='ltr'>velle</span> <span class='ocrx_word' id='word_1_180' title='bbox 549 1867 860 1940; x_wconf 73' lang='lat' dir='ltr'>progressum</span> <span class='ocrx_word' id='word_1_181' title='bbox 886 1866 1043 1920; x_wconf 78' lang='lat' dir='ltr'>facere</span> <span class='ocrx_word' id='word_1_182' title='bbox 1069 1884 1122 1918; x_wconf 89' lang='lat' dir='ltr'>m</span> 
     </span>
     <span class='ocr_line' id='line_1_38' title="bbox 208 1942 1122 1999; baseline -0.007 0"><span class='ocrx_word' id='word_1_183' title='bbox 208 1947 406 1999; x_wconf 81' lang='lat' dir='ltr'>Brafilia</span> <span class='ocrx_word' id='word_1_184' title='bbox 457 1961 541 1998; x_wconf 90' lang='lat' dir='ltr'>aut</span> <span class='ocrx_word' id='word_1_185' title='bbox 585 1948 639 1997; x_wconf 89' lang='lat' dir='ltr'>in</span> <span class='ocrx_word' id='word_1_186' title='bbox 683 1945 828 1997; x_wconf 80' lang='lat' dir='ltr'>India</span> <span class='ocrx_word' id='word_1_187' title='bbox 870 1942 1122 1996; x_wconf 84' lang='lat' dir='ltr'>Orientali</span> 
     </span>
    </p>
   </div>
   <div class='ocr_carea' id='block_1_10' title="bbox 203 2017 1124 2388">
    <p class='ocr_par' dir='ltr' id='par_1_10' title="bbox 203 2017 1124 2388">
     <span class='ocr_line' id='line_1_39' title="bbox 207 2017 1124 2089; baseline -0.008 -14"><span class='ocrx_word' id='word_1_188' title='bbox 207 2022 438 2075; x_wconf 86' lang='lat' dir='ltr'>adversus</span> <span class='ocrx_word' id='word_1_189' title='bbox 489 2020 775 2084; x_wconf 75' lang='lat' dir='ltr'>LufitanOS,</span> <span class='ocrx_word' id='word_1_190' title='bbox 823 2018 908 2089; x_wconf 85' lang='lat' dir='ltr'>ipsi</span> <span class='ocrx_word' id='word_1_191' title='bbox 963 2017 1124 2070; x_wconf 87' lang='lat' dir='ltr'>rebel-</span> 
     </span>
     <span class='ocr_line' id='line_1_40' title="bbox 206 2093 1122 2151; baseline -0.008 -1"><span class='ocrx_word' id='word_1_192' title='bbox 206 2099 312 2151; x_wconf 86' lang='lat' dir='ltr'>les:</span> <span class='ocrx_word' id='word_1_193' title='bbox 354 2112 440 2148; x_wconf 83' lang='lat' dir='ltr'>aut</span> <span class='ocrx_word' id='word_1_194' title='bbox 472 2097 525 2148; x_wconf 91' lang='lat' dir='ltr'>in</span> <span class='ocrx_word' id='word_1_195' title='bbox 566 2097 705 2148; x_wconf 89' lang='lat' dir='ltr'>India</span> <span class='ocrx_word' id='word_1_196' title='bbox 743 2093 994 2148; x_wconf 88' lang='lat' dir='ltr'>Orientali</span> <span class='ocrx_word' id='word_1_197' title='bbox 1036 2110 1122 2144; x_wconf 87' lang='lat' dir='ltr'>na-</span> 
     </span>
     <span class='ocr_line' id='line_1_41' title="bbox 204 2171 1120 2242; baseline -0.008 -17"><span class='ocrx_word' id='word_1_198' title='bbox 204 2174 519 2242; x_wconf 78' lang='lat' dir='ltr'>vigationem</span> <span class='ocrx_word' id='word_1_199' title='bbox 565 2173 612 2222; x_wconf 85' lang='lat'>&amp;</span> <span class='ocrx_word' id='word_1_200' title='bbox 654 2171 980 2223; x_wconf 86' lang='lat' dir='ltr'>Commercia</span> <span class='ocrx_word' id='word_1_201' title='bbox 1011 2184 1120 2219; x_wconf 87' lang='lat' dir='ltr'>non</span> 
     </span>
     <span class='ocr_line' id='line_1_42' title="bbox 203 2243 1118 2314; baseline -0.01 -12"><span class='ocrx_word' id='word_1_202' title='bbox 203 2266 431 2302; x_wconf 89' lang='lat' dir='ltr'>exercere</span> <span class='ocrx_word' id='word_1_203' title='bbox 454 2247 517 2299; x_wconf 90' lang='lat' dir='ltr'>ad</span> <span class='ocrx_word' id='word_1_204' title='bbox 542 2246 635 2298; x_wconf 87' lang='lat' dir='ltr'>alia</span> <span class='ocrx_word' id='word_1_205' title='bbox 661 2248 791 2312; x_wconf 89' lang='lat' dir='ltr'>loca,</span> <span class='ocrx_word' id='word_1_206' title='bbox 823 2262 931 2314; x_wconf 82' lang='lat' dir='ltr'>quae</span> <span class='ocrx_word' id='word_1_207' title='bbox 955 2243 1118 2311; x_wconf 85' lang='lat' dir='ltr'>suiju-</span> 
     </span>
     <span class='ocr_line' id='line_1_43' title="bbox 204 2321 1118 2388; baseline -0.009 -10"><span class='ocrx_word' id='word_1_208' title='bbox 204 2327 269 2378; x_wconf 86' lang='lat' dir='ltr'>ris</span> <span class='ocrx_word' id='word_1_209' title='bbox 293 2337 454 2388; x_wconf 87' lang='lat' dir='ltr'>erant,</span> <span class='ocrx_word' id='word_1_210' title='bbox 475 2338 561 2374; x_wconf 89' lang='lat' dir='ltr'>aut</span> <span class='ocrx_word' id='word_1_211' title='bbox 577 2321 970 2375; x_wconf 86' lang='lat' dir='ltr'>Commercium</span> <span class='ocrx_word' id='word_1_212' title='bbox 991 2336 1118 2371; x_wconf 83' lang='lat' dir='ltr'>con-</span> 
     </span>
    </p>
   </div>
   <div class='ocr_carea' id='block_1_11' title="bbox 203 2401 659 2467">
    <p class='ocr_par' dir='ltr' id='par_1_11' title="bbox 203 2401 659 2467">
     <span class='ocr_line' id='line_1_44' title="bbox 203 2401 659 2467; baseline -0.007 -14"><span class='ocrx_word' id='word_1_213' title='bbox 203 2401 382 2453; x_wconf 87' lang='lat' dir='ltr'>cedere</span> <span class='ocrx_word' id='word_1_214' title='bbox 411 2413 659 2467; x_wconf 88' lang='lat' dir='ltr'>poterant.</span> 
     </span>
    </p>
   </div>
   <div class='ocr_carea' id='block_1_12' title="bbox 1185 1787 2106 2391">
    <p class='ocr_par' dir='ltr' id='par_1_12' title="bbox 1320 1787 2103 1860">
     <span class='ocr_line' id='line_1_45' title="bbox 1320 1787 2103 1860; baseline 0 -19"><span class='ocrx_word' id='word_1_215' title='bbox 1320 1798 1381 1841; x_wconf 84' lang='lat' dir='ltr'>Et</span> <span class='ocrx_word' id='word_1_216' title='bbox 1433 1802 1583 1843; x_wconf 66' lang='lat' dir='ltr'>ware</span> <span class='ocrx_word' id='word_1_217' title='bbox 1616 1787 1864 1860; x_wconf 82' lang='lat' dir='ltr'>onredelyk</span> <span class='ocrx_word' id='word_1_218' title='bbox 1888 1789 1980 1842; x_wconf 87' lang='lat' dir='ltr'>den</span> <span class='ocrx_word' id='word_1_219' title='bbox 2012 1798 2103 1842; x_wconf 83' lang='lat' dir='ltr'>Ko-</span> 
     </span>
    </p>

    <p class='ocr_par' dir='ltr' id='par_1_13' title="bbox 1185 1865 2106 2391">
     <span class='ocr_line' id='line_1_46' title="bbox 1331 1865 2105 1938; baseline -0.003 -21"><span class='ocrx_word' id='word_1_220' title='bbox 1331 1871 1449 1938; x_wconf 82' lang='lat' dir='ltr'>ning</span> <span class='ocrx_word' id='word_1_221' title='bbox 1481 1872 1534 1917; x_wconf 86' lang='lat' dir='ltr'>in</span> <span class='ocrx_word' id='word_1_222' title='bbox 1564 1866 1761 1933; x_wconf 80' lang='lat' dir='ltr'>Brafiel,</span> <span class='ocrx_word' id='word_1_223' title='bbox 1794 1886 1852 1918; x_wconf 87' lang='lat' dir='ltr'>en</span> <span class='ocrx_word' id='word_1_224' title='bbox 1885 1871 1935 1917; x_wconf 86' lang='lat' dir='ltr'>in</span> <span class='ocrx_word' id='word_1_225' title='bbox 1974 1865 2105 1930; x_wconf 74' lang='lat' dir='ltr'>Oest-</span> 
     </span>
     <span class='ocr_line' id='line_1_47' title="bbox 1192 1940 2104 2013; baseline 0 -21"><span class='ocrx_word' id='word_1_226' title='bbox 1192 1940 1363 1992; x_wconf 84' lang='lat' dir='ltr'>Indt&#39;en</span> <span class='ocrx_word' id='word_1_227' title='bbox 1384 1955 1432 1992; x_wconf 86' lang='lat' dir='ltr'>te</span> <span class='ocrx_word' id='word_1_228' title='bbox 1463 1943 1635 1993; x_wconf 64' lang='lat' dir='ltr'>millen</span> <span class='ocrx_word' id='word_1_229' title='bbox 1660 1940 1883 2004; x_wconf 72' lang='lat' dir='ltr'>helenen,</span> <span class='ocrx_word' id='word_1_230' title='bbox 1908 1955 2104 2013; x_wconf 82' lang='lat' dir='ltr'>progres</span> 
     </span>
     <span class='ocr_line' id='line_1_48' title="bbox 1191 2015 2106 2089; baseline 0.001 -23"><span class='ocrx_word' id='word_1_231' title='bbox 1191 2029 1239 2067; x_wconf 85' lang='lat' dir='ltr'>te</span> <span class='ocrx_word' id='word_1_232' title='bbox 1260 2015 1379 2068; x_wconf 87' lang='lat' dir='ltr'>doen</span> <span class='ocrx_word' id='word_1_233' title='bbox 1398 2030 1451 2086; x_wconf 89' lang='lat' dir='ltr'>op</span> <span class='ocrx_word' id='word_1_234' title='bbox 1472 2017 1530 2068; x_wconf 88' lang='lat' dir='ltr'>de</span> <span class='ocrx_word' id='word_1_235' title='bbox 1554 2015 1856 2088; x_wconf 71' lang='lat' dir='ltr'>Portugeesen</span> <span class='ocrx_word' id='word_1_236' title='bbox 1869 2016 1987 2089; x_wconf 86' lang='lat' dir='ltr'>syne</span> <span class='ocrx_word' id='word_1_237' title='bbox 2014 2023 2106 2067; x_wconf 84' lang='lat' dir='ltr'>Re-</span> 
     </span>
     <span class='ocr_line' id='line_1_49' title="bbox 1190 2090 2105 2162; baseline -0.001 -20"><span class='ocrx_word' id='word_1_238' title='bbox 1190 2090 1337 2143; x_wconf 68' lang='lat' dir='ltr'>beffen</span> <span class='ocrx_word' id='word_1_239' title='bbox 1361 2112 1377 2152; x_wconf 88' lang='lat'>‚·</span> <span class='ocrx_word' id='word_1_240' title='bbox 1418 2092 1513 2162; x_wconf 69' lang='lat' dir='ltr'>qste</span> <span class='ocrx_word' id='word_1_241' title='bbox 1536 2096 1588 2143; x_wconf 82' lang='lat' dir='ltr'>in</span> <span class='ocrx_word' id='word_1_242' title='bbox 1601 2090 1980 2162; x_wconf 73' lang='lat' dir='ltr'>Oost-Indienst&#39;g</span> <span class='ocrx_word' id='word_1_243' title='bbox 1999 2095 2105 2142; x_wconf 81' lang='lat' dir='ltr'>niet</span> 
     </span>
     <span class='ocr_line' id='line_1_50' title="bbox 1188 2164 2103 2236; baseline 0 -20"><span class='ocrx_word' id='word_1_244' title='bbox 1188 2179 1237 2217; x_wconf 87' lang='lat' dir='ltr'>te</span> <span class='ocrx_word' id='word_1_245' title='bbox 1258 2166 1550 2218; x_wconf 65' lang='lat' dir='ltr'>extenderem</span> <span class='ocrx_word' id='word_1_246' title='bbox 1582 2182 1634 2236; x_wconf 85' lang='lat' dir='ltr'>op</span> <span class='ocrx_word' id='word_1_247' title='bbox 1663 2164 1844 2217; x_wconf 81' lang='lat' dir='ltr'>andere</span> <span class='ocrx_word' id='word_1_248' title='bbox 1867 2164 2103 2235; x_wconf 66' lang='lat' dir='ltr'>plaetsi’n,</span> 
     </span>
     <span class='ocr_line' id='line_1_51' title="bbox 1188 2241 2100 2313; baseline -0.001 -21"><span class='ocrx_word' id='word_1_249' title='bbox 1188 2241 1267 2293; x_wconf 87' lang='lat' dir='ltr'>die</span> <span class='ocrx_word' id='word_1_250' title='bbox 1306 2241 1425 2293; x_wconf 80' lang='lat' dir='ltr'>haer</span> <span class='ocrx_word' id='word_1_251' title='bbox 1455 2261 1597 2313; x_wconf 78' lang='lat' dir='ltr'>eygen</span> <span class='ocrx_word' id='word_1_252' title='bbox 1626 2241 1824 2311; x_wconf 82' lang='lat' dir='ltr'>meester</span> <span class='ocrx_word' id='word_1_253' title='bbox 1851 2260 1973 2310; x_wconf 85' lang='lat' dir='ltr'>zyn,</span> <span class='ocrx_word' id='word_1_254' title='bbox 2004 2241 2100 2310; x_wconf 68' lang='lat' dir='ltr'>oste</span> 
     </span>
     <span class='ocr_line' id='line_1_52' title="bbox 1185 2315 1944 2391; baseline -0.001 -23"><span class='ocrx_word' id='word_1_255' title='bbox 1185 2316 1283 2371; x_wconf 86' lang='lat' dir='ltr'>den</span> <span class='ocrx_word' id='word_1_256' title='bbox 1305 2315 1498 2371; x_wconf 78' lang='lat' dir='ltr'>handel</span> <span class='ocrx_word' id='word_1_257' title='bbox 1511 2331 1697 2391; x_wconf 82' lang='lat' dir='ltr'>mogten</span> <span class='ocrx_word' id='word_1_258' title='bbox 1725 2316 1944 2387; x_wconf 76' lang='lat' dir='ltr'>toestaen.</span> 
     </span>
    </p>
   </div>
   <div class='ocr_carea' id='block_1_13' title="bbox 200 2469 2099 2637">
    <p class='ocr_par' dir='ltr' id='par_1_14' title="bbox 200 2469 2099 2637">
     <span class='ocr_line' id='line_1_53' title="bbox 358 2469 2093 2556; baseline -0.004 -16"><span class='ocrx_word' id='word_1_259' title='bbox 358 2487 732 2541; x_wconf 85' lang='lat' dir='ltr'>Consenserunt</span> <span class='ocrx_word' id='word_1_260' title='bbox 754 2469 927 2539; x_wconf 86' lang='lat' dir='ltr'>tamen</span> <span class='ocrx_word' id='word_1_261' title='bbox 953 2483 1062 2556; x_wconf 89' lang='lat' dir='ltr'>post</span> <span class='ocrx_word' id='word_1_262' title='bbox 1087 2481 1198 2537; x_wconf 85' lang='lat' dir='ltr'>satis</span> <span class='ocrx_word' id='word_1_263' title='bbox 1219 2482 1395 2552; x_wconf 87' lang='lat' dir='ltr'>longas</span> <span class='ocrx_word' id='word_1_264' title='bbox 1419 2483 1468 2535; x_wconf 70' lang='grc' dir='ltr'>ἃ</span> <span class='ocrx_word' id='word_1_265' title='bbox 1490 2481 1682 2535; x_wconf 85' lang='lat' dir='ltr'>crebras</span> <span class='ocrx_word' id='word_1_266' title='bbox 1705 2479 2093 2533; x_wconf 80' lang='lat' dir='ltr'>deliberationes</span> 
     </span>
     <span class='ocr_line' id='line_1_54' title="bbox 200 2556 2099 2637; baseline -0.007 -19"><span class='ocrx_word' id='word_1_267' title='bbox 200 2564 550 2637; x_wconf 83' lang='lat' dir='ltr'>Hispaniarum</span> <span class='ocrx_word' id='word_1_268' title='bbox 577 2564 723 2630; x_wconf 80' lang='lat' dir='ltr'>Regis</span> <span class='ocrx_word' id='word_1_269' title='bbox 745 2563 934 2630; x_wconf 77' lang='lat' dir='ltr'>Legati,</span> <span class='ocrx_word' id='word_1_270' title='bbox 961 2559 1231 2613; x_wconf 88' lang='lat' dir='ltr'>secundum</span> <span class='ocrx_word' id='word_1_271' title='bbox 1267 2558 1541 2610; x_wconf 87' lang='lat' dir='ltr'>formulam</span> <span class='ocrx_word' id='word_1_272' title='bbox 1569 2576 1596 2609; x_wconf 93' lang='lat' dir='ltr'>a</span> <span class='ocrx_word' id='word_1_273' title='bbox 1629 2559 1822 2625; x_wconf 86' lang='lat' dir='ltr'>Legatis</span> <span class='ocrx_word' id='word_1_274' title='bbox 1855 2556 2099 2608; x_wconf 83' lang='lat' dir='ltr'>Foederati</span> 
     </span>
    </p>
   </div>
   <div class='ocr_carea' id='block_1_14' title="bbox 199 2637 670 2712">
    <p class='ocr_par' dir='ltr' id='par_1_15' title="bbox 199 2637 670 2712">
     <span class='ocr_line' id='line_1_55' title="bbox 199 2637 670 2712; baseline -0.015 -17"><span class='ocrx_word' id='word_1_275' title='bbox 199 2642 355 2712; x_wconf 85' lang='lat' dir='ltr'>Belgii</span> <span class='ocrx_word' id='word_1_276' title='bbox 382 2637 670 2692; x_wconf 84' lang='lat' dir='ltr'>exhibitam.</span> 
     </span>
    </p>
   </div>
   <div class='ocr_carea' id='block_1_15' title="bbox 755 2630 2101 2703">
    <p class='ocr_par' dir='ltr' id='par_1_16' title="bbox 755 2630 2101 2703">
     <span class='ocr_line' id='line_1_56' title="bbox 755 2630 2101 2703; baseline -0.004 -14"><span class='ocrx_word' id='word_1_277' title='bbox 755 2637 927 2689; x_wconf 88' lang='lat' dir='ltr'>Mirati</span> <span class='ocrx_word' id='word_1_278' title='bbox 954 2634 1066 2687; x_wconf 90' lang='lat' dir='ltr'>sunt</span> <span class='ocrx_word' id='word_1_279' title='bbox 1090 2635 1238 2686; x_wconf 88' lang='lat' dir='ltr'>multi</span> <span class='ocrx_word' id='word_1_280' title='bbox 1262 2634 1398 2686; x_wconf 88' lang='lat' dir='ltr'>illam</span> <span class='ocrx_word' id='word_1_281' title='bbox 1426 2631 1767 2703; x_wconf 86' lang='lat' dir='ltr'>Hispanorum</span> <span class='ocrx_word' id='word_1_282' title='bbox 1794 2633 1847 2683; x_wconf 90' lang='lat' dir='ltr'>in</span> <span class='ocrx_word' id='word_1_283' title='bbox 1870 2647 1927 2682; x_wconf 84' lang='lat' dir='ltr'>ea</span> <span class='ocrx_word' id='word_1_284' title='bbox 1949 2648 2000 2682; x_wconf 91' lang='lat' dir='ltr'>re</span> <span class='ocrx_word' id='word_1_285' title='bbox 2025 2630 2101 2683; x_wconf 80' lang='lat' dir='ltr'>fa-</span> 
     </span>
    </p>
   </div>
   <div class='ocr_carea' id='block_1_16' title="bbox 198 2703 2100 2859">
    <p class='ocr_par' dir='ltr' id='par_1_17' title="bbox 198 2703 2100 2859">
     <span class='ocr_line' id='line_1_57' title="bbox 198 2703 2100 2783; baseline -0.008 -11"><span class='ocrx_word' id='word_1_286' title='bbox 198 2719 458 2778; x_wconf 86' lang='lat' dir='ltr'>cilitatem,</span> <span class='ocrx_word' id='word_1_287' title='bbox 481 2713 728 2783; x_wconf 84' lang='lat' dir='ltr'>imprimis</span> <span class='ocrx_word' id='word_1_288' title='bbox 752 2711 903 2777; x_wconf 86' lang='lat' dir='ltr'>Galli,</span> <span class='ocrx_word' id='word_1_289' title='bbox 933 2725 988 2761; x_wconf 90' lang='lat' dir='ltr'>ut</span> <span class='ocrx_word' id='word_1_290' title='bbox 1011 2709 1179 2762; x_wconf 88' lang='lat' dir='ltr'>videre</span> <span class='ocrx_word' id='word_1_291' title='bbox 1200 2709 1317 2761; x_wconf 89' lang='lat' dir='ltr'>licet</span> <span class='ocrx_word' id='word_1_292' title='bbox 1340 2709 1392 2761; x_wconf 91' lang='lat' dir='ltr'>in</span> <span class='ocrx_word' id='word_1_293' title='bbox 1406 2707 1614 2778; x_wconf 89' lang='lat' dir='ltr'>epistola</span> <span class='ocrx_word' id='word_1_294' title='bbox 1627 2710 1936 2774; x_wconf 88' lang='lat' dir='ltr'>Legatorum</span> <span class='ocrx_word' id='word_1_295' title='bbox 1950 2703 2100 2756; x_wconf 81' lang='lat' dir='ltr'>Chri-</span> 
     </span>
     <span class='ocr_line' id='line_1_58' title="bbox 198 2781 2098 2859; baseline -0.009 -12"><span class='ocrx_word' id='word_1_296' title='bbox 198 2791 472 2847; x_wconf 79' lang='lat' dir='ltr'>stianissimi</span> <span class='ocrx_word' id='word_1_297' title='bbox 496 2790 643 2859; x_wconf 86' lang='lat' dir='ltr'>Regis</span> <span class='ocrx_word' id='word_1_298' title='bbox 666 2787 778 2841; x_wconf 84' lang='lat' dir='ltr'>data</span> <span class='ocrx_word' id='word_1_299' title='bbox 799 2804 859 2839; x_wconf 61' lang='grc' dir='ltr'>ει.</span> <span class='ocrx_word' id='word_1_300' title='bbox 883 2790 1000 2844; x_wconf 63' lang='lat' dir='ltr'>Dec.</span> <span class='ocrx_word' id='word_1_301' title='bbox 1024 2789 1181 2839; x_wconf 87' lang='lat' dir='ltr'>Anno</span> <span class='ocrx_word' id='word_1_302' title='bbox 1210 2784 1351 2850; x_wconf 84' lang='lat'>1646.</span> <span class='ocrx_word' id='word_1_303' title='bbox 1387 2801 1496 2856; x_wconf 82' lang='lat' dir='ltr'>quae</span> <span class='ocrx_word' id='word_1_304' title='bbox 1521 2797 1653 2836; x_wconf 84' lang='lat' dir='ltr'>extat</span> <span class='ocrx_word' id='word_1_305' title='bbox 1676 2784 1731 2834; x_wconf 89' lang='lat' dir='ltr'>in</span> <span class='ocrx_word' id='word_1_306' title='bbox 1751 2781 1900 2846; x_wconf 83' lang='lat' dir='ltr'>libro,</span> <span class='ocrx_word' id='word_1_307' title='bbox 1920 2782 2002 2832; x_wconf 89' lang='lat' dir='ltr'>cui</span> <span class='ocrx_word' id='word_1_308' title='bbox 2036 2782 2098 2831; x_wconf 87' lang='lat' dir='ltr'>ti-</span> 
     </span>
    </p>
   </div>
   <div class='ocr_carea' id='block_1_17' title="bbox 1931 2856 2091 2908">
    <p class='ocr_par' dir='ltr' id='par_1_18' title="bbox 1931 2856 2091 2908">
     <span class='ocr_line' id='line_1_59' title="bbox 1931 2856 2091 2908; baseline -0.025 0"><span class='ocrx_word' id='word_1_309' title='bbox 1931 2856 2091 2908; x_wconf 84' lang='lat' dir='ltr'>tulus:</span> 
     </span>
    </p>
   </div>
  </div>
 </body>
</html>
