2258 3016
359 111 701 164 DISSERT.
741 110 836 161 DE
874 111 1057 176 JuRE
1096 110 1407 166 socffir.
1451 115 1611 166 mu.
1653 115 1973 167 omnm:
2088 131 2114 183 3

1081 231 1129 300 §-
1211 235 1232 283 1

682 309 902 357 Uatenus
926 321 1080 370 mare,
1099 308 1147 358 δι
1170 303 1282 357 usus
1305 306 1471 371 maris,
1494 308 1568 358 uti
1592 322 1773 360 caeterae
1798 327 1890 374 τες,
1913 313 2111 379 quaej-u-

482 368 531 401 ⁴*
570 377 587 392 ⁸*
618 382 654 410 *⁶
711 398 762 431 re
800 381 1030 448 gentium
1059 398 1361 433 communes
1396 380 1524 446 sunt,
1555 382 1773 434 dominii
1796 402 1942 454 capax
1963 384 2036 449 sit,
2060 387 2111 437 &

551 451 564 465 ”
628 446 653 495 ἓ(
708 455 901 524 legibus
936 457 1234 524 Imperantis
1265 454 1437 509 subiici
1469 456 1634 525 poffit,
1675 458 1914 511 hocloco
1939 462 2110 529 inqui-

509 559 573 584 .·
638 580 659 594 ἰ
704 546 812 581 rere
834 546 997 597 operae
1025 532 1243 598 pretium
1269 547 1374 582 non
1399 532 1629 593 videtur3
1667 532 1774 584 satis
1794 534 2107 604 enimsuper·

222 603 345 671 ἐξ)
375 616 434 673 ’,μό
475 631 546 677 ‘w
597 594 661 702 Q?
708 621 809 672 que
831 603 918 656 ista
939 604 1140 673 quaestio
1163 607 1317 676 priori
1342 605 1509 657 seculo
1532 607 1709 674 agitata
1731 607 1798 659 est
1821 611 1950 662 inter
1973 612 2105 662 viros

220 663 387 732 ’μηδὲ
397 671 653 733 &Q
704 679 1005 731 excellentes
1036 682 1084 730 &
1107 680 1381 749 praeclarOS,
1405 682 1732 744 Solorzanum,
1752 689 1982 748 Grotimn,
2003 689 2106 737 Sel-

210 753 408 818 denum,
442 757 666 818 Faciunt,
700 757 970 820 Manlium,
1012 753 1341 818 W'elbbodum,
1375 755 1828 825 Grafhvinkelium,
1859 759 2106 829 aliosque,

207 845 428 897 quorum
456 826 631 880 scrinia
653 829 932 898 compilare
955 846 1060 880 non
1085 830 1223 881 libet.
1305 829 1463 898 quue
1487 847 1550 882 eo
1572 831 1756 896 minuS,
1776 834 1915 900 quod
1938 836 1988 886 in
2010 837 2103 890 hac

207 902 581 974 Disputatione‚
607 920 717 973 quae
745 903 1013 957 intercedit
1039 905 1374 957 interincolas
1396 905 1656 974 utriusque
1671 907 1843 975 Belgii,
1860 909 2100 964 Foederati

206 994 397 1047 nempe
419 980 466 1029 δε
480 978 739 1043 Austriaci,
761 979 814 1031 id
829 993 1026 1031 tantum
1043 993 1541 1044 controvertatur,an
1557 981 1728 1045 maria,
1745 983 1939 1035 ratione
1959 1002 2099 1039 com-

206 1055 537 1118 merciorum,
558 1054 705 1123 padio
735 1053 832 1106 five
856 1051 1096 1106 consensu
1123 1055 1345 1107 duorum
1371 1056 1674 1124 Principum,
1697 1074 1917 1125 quorum
1945 1062 2098 1113 inter-

208 1128 294 1194 est,
318 1130 384 1179 ita
411 1129 569 1180 dividi
595 1145 701 1179 non
725 1129 927 1199 poffint,
962 1145 1016 1181 ut
1037 1130 1120 1181 hic
1150 1148 1267 1195 una,
1302 1130 1428 1182 aiter
1458 1130 1608 1181 altera
1636 1146 1793 1199 parte,
1829 1133 2098 1190 discordia-

205 1221 321 1256 rum
346 1204 666 1255 vitandarum
689 1202 846 1268 causa,
881 1219 1048 1256 utatur
1069 1203 1273 1257 fruatur.
1357 1208 1483 1274 Quo
1507 1202 1644 1256 sensu
1689 1206 1828 1270 (licet
1846 1208 1961 1261 alias
1975 1228 2094 1263 con-

205 1279 460 1343 cedamuS,
484 1281 638 1330 maria
661 1278 722 1330 ab
738 1279 963 1331 humana
997 1279 1239 1349 potestate
1271 1279 1348 1330 vix
1376 1281 1445 1330 ita
1480 1282 1711 1350 occupari
1735 1278 1886 1350 posse,
1910 1301 1963 1336 ut
1988 1287 2095 1340 usus

203 1354 414 1407 illorum
447 1354 590 1405 alteri
620 1355 911 1406 communis
945 1371 1052 1405 non
1084 1353 1162 1419 sit)
1212 1354 1346 1406 reste
1378 1367 1549 1406 tamen
1584 1355 1645 1406 ab
1678 1358 2000 1429 Hieronymo
2033 1366 2095 1415 de

204 1433 394 1484 Monte
426 1428 620 1482 dietum
656 1431 955 1499 accipimus,
987 1430 1042 1480 in
1075 1431 1302 1482 Traaam
1331 1429 1387 1481 de
1419 1428 1612 1482 Finibus
1639 1432 1850 1503 Regund.
1885 1442 1995 1505 Cap.
2021 1451 2095 1497 59.

202 1510 506 1579 Qanquam
529 1509 580 1555 in
600 1509 728 1556 mari
747 1505 951 1573 confines
970 1503 1214 1573 nonfimt,
1235 1523 1340 1555 cum
1361 1523 1488 1574 aqua
1512 1511 1819 1558 communiter
1837 1509 1902 1574 est
1914 1511 2096 1583 unifor-

203 1575 308 1645 εἰπὲ,
334 1580 422 1649 effe
450 1593 616 1631 tamen
629 1583 948 1650 pertinentias
967 1582 1153 1651 aliquas
1174 1597 1194 1631 :
1233 1583 1360 1632 Item
1381 1597 1406 1630 a
1431 1579 1588 1631 Baldo
1622 1580 1682 1632 ad
1716 1580 1747 1632 i.
1774 1598 1803 1632 1.
1836 1583 1898 1634 de
1921 1593 2096 1639 Rerum

201 1657 447 1729 Divifione
467 1674 487 1708 .·
526 1662 649 1730 Jure
663 1659 882 1729 gentium
903 1659 957 1707 in
983 1660 1112 1710 mari
1141 1673 1290 1728 regna
1320 1654 1545 1727 dtstingui
1565 1654 1706 1726 pff,
1725 1656 1853 1723 ficut
1881 1664 1934 1712 in
1961 1674 2096 1716 terra

199 1731 359 1787 arida.
1132 1783 1149 1802 ,

356 1805 605 1876 Principes
626 1805 726 1858 hoc
751 1804 914 1865 modo
937 1805 1069 1856 inter
1105 1802 1154 1855 se
1187 1804 1462 1856 convenire
1487 1799 1637 1873 posse,
1672 1804 1938 1859 indubitati
1975 1812 2091 1877 juris

200 1880 271 1934 est
294 1898 305 1933 ε
345 1897 531 1949 neque,
555 1895 607 1932 ut
631 1898 737 1932 rem
762 1880 1001 1950 exemplis
1022 1879 1341 1942 illustremus,
1364 1896 1492 1948 opus
1517 1880 1612 1930 erit
1639 1896 1888 1934 recurrere
1910 1884 1968 1934 ad
2001 1903 2091 1937 an-

201 1958 421 2025 tiquiora
443 1955 547 2020 illa,
569 1955 730 2024 qualis
762 1969 865 2007 erat
898 1956 1024 2007 olim
1060 1972 1150 2024 pax
1177 1955 1310 2005 inter
1340 1956 1678 2019 Artaxerxem,
1710 1956 1958 2010 Persarum
1996 1964 2089 2012 Re-

199 2049 338 2103 gem,
362 2033 409 2083 &
431 2030 763 2083 Athenienses
785 2048 797 2081 :
836 2037 900 2080 lle
914 2031 1109 2099 fimper
1130 2048 1162 2081 a
1184 2033 1314 2080 mari
1335 2035 1481 2080 σκετο
1494 2032 1778 2080 curriculum
1811 2039 1919 2103 equi
1951 2034 2089 2104 absti.

197 2120 354 2171 neret,
377 2125 527 2177 neque
551 2111 681 2157 inter
701 2104 883 2173 infidas
905 2111 1114 2177 Cyaneas
1137 2100 1195 2160 εἴ
1218 2102 1511 2156 chelidonias
1534 2105 1719 2176 longam
1731 2123 1910 2159 navem
1922 2113 2087 2162 velro-

187 2183 388 2252 stratam
415 2180 626 2233 baberet.
703 2184 833 2232 Item
857 2178 1018 2231 foedus
1042 2196 1160 2231 cum
1190 2178 1470 2235 Laconibus
1501 2179 1692 2232 ictum:
1732 2186 1867 2235 Mari
1899 2184 2087 2254 quidem

199 2267 408 2310 Laconas
432 2254 645 2325 &fictos
665 2259 739 2306 uti
753 2254 893 2324 pff,
902 2253 998 2324 [ἑά
1015 2259 1213 2306 minime
1236 2259 1475 2325 navigare
1496 2260 1613 2305 navi
1632 2258 1787 2328 longa,
1800 2278 1972 2311 verum
1993 2263 2085 2312 alto

197 2337 408 2404 navigio,
422 2330 546 2403 quod
554 2333 697 2383 remis
709 2332 871 2383 allum
880 2331 1134 2382 velluram
1150 2331 1440 2380 talentorum
1446 2345 1516 2389 50.
1536 2348 1630 2381 non
1643 2331 1903 2386 excederet.
1978 2341 2027 2387 N
2032 2354 2086 2389 ec

198 2425 309 2462 non
331 2405 492 2458 foedus
514 2407 646 2458 inter
661 2409 920 2457 Romanos
941 2407 989 2457 &
1014 2402 1446 2474 Carthaginienses
1470 2405 1596 2456 circa
1626 2406 1984 2477 Olympiadem
2008 2413 2088 2474 68.

197 2493 272 2536 Ne
311 2486 578 2553 navigante
615 2484 818 2532 Romani
855 2488 1238 2534 Romanorumve
1277 2479 1396 2547 sbcii
1406 2479 1537 2553 qltra
1579 2481 1830 2535 Pulchrum
1871 2499 2087 2552 promon-

197 2563 387 2620 torium,
410 2569 549 2607 extra
572 2574 717 2627 quam
735 2557 779 2622 si
792 2556 1081 2626 tempestatis
1102 2568 1188 2606 aut
1213 2553 1407 2624 bostium
1428 2553 1688 2625 visuerint
1721 2560 1881 2610 coaHi.
1961 2566 2085 2631 Quo

200 2637 352 2688 etiam
376 2631 593 2702 spectant
615 2631 873 2682 decantata
899 2631 1000 2695 illa,
1020 2633 1068 2682 &
1094 2630 1155 2680 ab
1185 2629 1470 2681 austoribus
1495 2631 1544 2680 in
1572 2631 1699 2682 hanc
1715 2650 1903 2701 partem
1923 2634 2087 2707 saepius

196 2710 425 2780 allegata,
446 2706 593 2758 verba
613 2705 882 2769 Ambrosii,
906 2705 986 2757 lib.
1010 2713 1057 2757 V.
1084 2712 1204 2757 Hex.
1229 2709 1340 2774 Cap.
1353 2721 1425 2765 30·
1474 2710 1639 2774 Spatia
1661 2708 1909 2776 marisfibi
1931 2713 2087 2765 mndi-

197 2798 307 2839 cant
321 2788 436 2854 jure
457 2785 698 2853 mancipii,
716 2782 1007 2854 pisciumque
1015 2784 1161 2852 jura,
1168 2781 1294 2851 ficut
1317 2783 1704 2847 vernaculorum,
1727 2784 1988 2838 conditione
1994 2788 2089 2860 fibi

1114 2873 1142 2908 a
1186 2872 1210 2906 2
1888 2860 2089 2931 servitii
