2258 3016
109 115 171 166 ἴ18
625 100 1160 153 DISSERTATIO
1195 100 1296 151 ‘DE
1344 101 1528 164 JuRAE

127 186 2000 206 ......-.-----.--.---—--..-...-—-—-—---.-.-t.

123 227 369 279 dederunt
390 228 541 276 Anno
564 224 693 288 1645.
735 223 798 275 de
819 222 967 274 rebus
986 220 1263 272 indiarum.
1346 223 1404 271 ln
1437 220 1620 287 quibus
1653 220 2002 276 Consultatio}

125 302 270 353 nibus
298 299 581 351 Direclores
606 297 867 350 Societatis
889 296 1040 347 Indiae
1062 293 1337 347 Orientalis
1366 293 1535 363 passim
1556 304 1766 346 utuntur
1778 312 1904 348 voce
1915 302 2005 350 Cas.

113 376 420 443 fledanorum
449 376 531 424 vel
546 374 857 442 Hispanorum
884 390 903 430 ,-
941 369 1228 422 Direstores
1251 369 1510 421 Societatis
1536 367 1684 421 tndiae
1706 370 2007 423 Occidenta-

124 451 182 501 lis
207 463 418 501 utuntur
440 447 718 516 promiscue
741 445 949 497 vocibus
957 441 1262 510 fhbditorum
1283 445 1526 513 Hispania,
1547 447 1682 513 Regis
1717 431 1928 512 Castilid,
1958 446 2008 496 &

124 525 507 592 ameminor-um,
533 536 587 573 ut
600 520 767 573 videre
787 520 905 570 licet
925 520 978 569 in
991 517 1377 570 Consultatione
1391 518 1646 568 Societatis
1664 517 1811 568 lndiae
1825 520 2007 570 Orien-

124 599 250 663 talis‚
283 614 438 666 quam
470 594 610 665 supra
639 594 958 646 exhibuimus
979 610 1036 643 ex
1067 594 1263 642 Aitzma
1290 606 1395 662 pag.
1427 603 1504 650 87.
1537 594 1584 642 δι
1619 590 1749 658 apud
1783 592 2004 644 eundem

125 691 233 742 pag.
264 682 342 739 89.
366 672 518 722 etiarn
546 669 595 721 id
617 684 751 737 patet
781 685 837 718 ex
859 665 1258 719 Consultationis
1282 666 1543 718 Societatis
1575 666 1725 717 India:
1757 665 2006 719 Occidens-

125 749 234 799 talis
258 745 471 799 articulo
493 745 542 796 6.
568 744 729 796 verbis
744 740 1065 811 sequentibus
1088 759 1101 791 z

198 893 379 946 llbditis
392 894 617 964 Hispaniae
630 908 734 943 non
754 889 922 942 licebit
942 906 1032 941 na·
1219 893 1279 937 At
1300 883 1355 937 de
1377 883 1725 940 Onderdanen
1737 903 1831 938 van
1855 890 2006 956 Span-

226 973 409 1039 vigare,
434 969 493 1019 ad
523 982 694 1037 portus
716 966 793 1017 vel
816 966 926 1016 loca
940 965 1033 1014 ali·
1235 965 1279 1027 je
1310 960 1527 1031 geensins
1563 960 1714 1026 fitffen
1753 980 2007 1032 vermogen

125 1063 250 1113 qua,
305 1060 390 1096 aut
430 1042 752 1095 Commercia
784 1055 1029 1102 exercere,
1099 1048 1147 1085 te
1185 1053 1342 1086 varen
1379 1033 1457 1105 off
1463 1048 1510 1084 te
1531 1034 1771 1087 bandelen
1805 1041 1857 1087 in
1880 1041 2007 1087 ceni-

126 1121 210 1170 ubi
245 1120 459 1171 Societas
500 1116 647 1168 Indiae
691 1112 1028 1166 Occidentalis
1089 1130 1150 1181 ge
1193 1108 1499 1180 Habensvff
1519 1108 1751 1181 plaetfin‚
1776 1111 1918 1164 daur
1950 1109 2007 1160 de

126 1193 338 1246 Castella
370 1191 623 1261 quaedam,
656 1189 921 1252 fortalitia,
952 1186 1027 1237 di·
1098 1185 1215 1253 Wesl
1235 1214 1258 1224 —
1277 1182 1384 1236 Ind.
1426 1190 1584 1253 Comp.
1622 1190 1783 1257 eenige
1812 1185 2008 1249 Καβη-

126 1271 342 1332 tionem,
364 1281 450 1318 aut
473 1266 706 1318 stationes
740 1277 1029 1316 mercaturae
1100 1262 1210 1322 len,
1250 1267 1445 1321 Fortem,
1487 1277 1546 1309 en
1590 1258 1780 1326 Gebied,
1819 1259 1898 1331 off
1919 1268 2007 1312 Lo-

126 1343 264 1396 causa
294 1341 495 1395 habeat.
1092 1337 1207 1406 gien
1218 1332 1309 1406 syn
1339 1331 1590 1385 hebbende.

854 1444 1005 1502 Item,
1044 1455 1154 1509 pag.
1193 1435 1295 1487 106.

127 1540 391 1653 NEque
433 1529 855 1619 licebitpraedidi‘i
896 1531 1030 1599 Regis
1101 1524 1241 1637 EN
1243 1522 1400 1592 sitblen
1440 1519 1499 1574 de
1541 1492 1884 1609 Onderdanen
1909 1512 2008 1587 van

272 1612 466 1681 Castiliae
486 1605 686 1678 fitbdttis
722 1606 830 1657 ullo
869 1603 1029 1656 modo
1207 1599 1270 1651 de
1293 1595 1485 1650 voorsz.
1509 1602 1712 1667 Koning
1734 1618 1830 1651 van
1853 1603 2005 1654 Casti.

128 1688 456 1743 Commercia
489 1698 743 1746 exercere,
776 1693 862 1731 aut
893 1678 1032 1729 navi-

129 1782 242 1835 gare
264 1763 324 1814 ad
359 1775 548 1830 portus,
578 1758 629 1807 in
661 1756 842 1825 quibus
865 1753 1029 1805 Socie-

129 1855 200 1891 tas
240 1838 388 1888 Indiae
434 1831 771 1886 Occidentalis
813 1828 1031 1879 nomine

130 1909 517 1980 Praepotentium
561 1910 626 1957 D.
658 1909 721 1957 D.
753 1903 1030 1966 ordinum,

130 1986 340 2040 Castella
380 1981 624 2051 quaedam‚
659 1979 924 2041 fortalitia,
956 1976 1031 2027 di-

128 2064 343 2120 tionem,
367 2071 449 2108 aut
472 2056 703 2107 stationes
740 2052 911 2114 habet,
941 2048 1030 2102 nisi

129 2139 235 2190 vice
258 2131 391 2187 versa
410 2130 660 2197 Castellani
689 2127 828 2179 dic‘iae
862 2126 1029 2178 Socie-

129 2212 215 2265 tati
259 2207 510 2261 concedant
553 2203 710 2255 simile
761 2204 1031 2253 Commer-

128 2289 262 2340 cium
286 2282 347 2335 ad
369 2297 547 2332 omnes
567 2278 796 2345 regiones
817 2277 865 2326 &
898 2274 1027 2339 loca,

130 2378 239 2431 quae
261 2357 322 2409 ad
343 2355 630 2425 praedidlum
646 2351 840 2420 Castiliae
856 2356 1029 2421 Regem

129 2445 396 2510 pertinent.

1101 1674 1205 1725 lien
1232 1673 1451 1745 geenfins
1472 1692 1726 1744 vermogen
1750 1688 1798 1725 te
1821 1694 2008 1728 vaeren

1099 1747 1177 1821 off
1202 1748 1442 1799 bandelen
1481 1752 1535 1799 in
1558 1754 1718 1820 eenige
1740 1748 1923 1801 babens
1945 1749 2023 1823 off

1095 1824 1339 1893 plaetst’n,
1391 1821 1511 1875 daer
1559 1822 1619 1873 de
1670 1823 1807 1890 VVest
1835 1854 1854 1866 ·
1897 1826 2007 1877 Ind-

1102 1906 1257 1968 Comp.
1297 1901 1349 1948 in
1388 1896 1449 1947 de
1470 1915 1612 1949 name
1633 1917 1736 1948 van
1767 1897 1890 1952 baar.
1918 1907 2005 1952 Ho.

1098 1980 1192 2024 Mo.
1216 1977 1375 2042 eenige
1405 1972 1672 2040 Kasteelen,
1703 1979 1889 2039 Forten,
1921 1983 2009 2026 Lo·

1094 2051 1205 2119 gien
1241 2045 1319 2117 off
1343 2045 1542 2096 Gebiedt
1580 2049 1618 2097 is
1655 2045 1924 2112 hebbende,
1974 2055 2006 2098 ’t

1085 2121 1143 2191 ᾖ
1155 2120 1280 2192 sake
1299 2119 1385 2170 dat
1405 2121 1514 2171 vice
1539 2119 1671 2170 versa
1691 2121 1857 2192 geZyke
1882 2122 2004 2174 ban·

1098 2197 1271 2267 delling
1304 2207 1402 2246 van
1423 2192 1482 2245 de
1506 2193 1812 2246 Castilianen
1831 2215 1928 2248 aen
1946 2195 2006 2249 de

1096 2269 1282 2338 voorsfz.
1308 2276 1463 2337 Comp.
1485 2266 1666 2319 vvordt
1691 2285 1921 2338 vergunt,
1952 2275 2006 2324 in

1096 2347 1187 2397 affe
1199 2350 1475 2414 quartieren
1486 2341 1628 2393 onder
1640 2339 1697 2392 de
1710 2343 2005 2415 voorfibree·

1097 2431 1156 2471 ve
1198 2418 1435 2486 Koningh
1472 2433 1566 2468 van
1596 2416 1829 2469 Castilien
1871 2418 2005 2471 bebo-

1097 2490 1261 2546 rende.

283 2609 543 2684 Qoniam
567 2617 735 2657 autem
757 2601 906 2668 legati
927 2601 975 2652 δι
995 2595 1222 2650 auctores
1242 2591 1441 2646 foederis
1463 2594 1859 2649 Monasterienfis
1874 2597 2006 2666 ipsis.

127 2691 247 2744 lima
268 2688 416 2740 verba
436 2678 884 2738 consultationum
923 2674 1126 2727 illarum
1147 2672 1200 2724 in
1226 2668 1461 2733 articulis,
1493 2685 1536 2731 5.
1571 2670 1620 2721 δι
1651 2670 1698 2724 6.
1724 2670 1827 2725 fere
1849 2670 2002 2726 secuti

1869 2745 2001 2816 sunt,
