2258 3016
607 127 1114 179 SOCIET.1ND.
1156 127 1736 179 ORIENTALIUM.
2076 147 2117 199 13

222 249 416 311 mercii,
441 249 571 299 inter
603 246 850 318 Hispanos
876 249 925 298 &
946 247 1218 314 LusitanOS,
1250 266 1409 317 eaque
1433 266 1490 300 ex
1521 248 1881 317 compromisso
1913 253 1972 303 ad
2014 257 2118 319 ejus

221 322 487 374 arbitrium
519 323 677 373 delata
701 319 836 387 effer,
857 324 1060 390 cognita
1085 325 1231 392 Regis
1255 325 1512 392 utriusque
1538 324 1696 390 causa,
1724 327 1952 378 Globum
1976 344 2114 381 terrae

220 398 454 452 medium
487 397 618 465 quasi
644 393 893 462 dissecuit,
928 415 1014 466 per
1037 398 1224 450 lineam
1250 399 1330 450 seu
1357 399 1697 451 Meridianum
1725 419 1747 451 a
1774 403 1892 470 polo
1915 403 2115 455 Aretico

221 472 284 527 ad
307 471 675 538 Antarfflcum,
698 472 756 524 ad
782 472 1029 542 punstum
1055 474 1249 525 circiter
1270 490 1371 542 343.
1398 474 1574 542 gradus
1607 476 1966 544 longitudinis,
2004 478 2116 545 sive,

221 547 362 617 quod
384 546 569 600 eodem
593 546 695 599 fere
722 549 868 610 redit,
890 547 952 598 ad
974 549 1171 600 leucam
1206 565 1320 617 340.
1360 567 1387 601 a
1421 551 1597 619 Capite
1631 551 1796 617 viridi,
1832 554 1897 603 ita
1933 569 1985 604 ut
2008 572 2113 621 pars

221 623 499 675 Orientalis
522 623 725 675 cederet
753 622 1012 687 Lufitanis,
1040 624 1107 674 ob
1129 627 1244 691 juris
1274 626 1649 693 antiquitatem,
1679 644 1785 694 pars
1812 629 2115 680 Occidenta-

219 697 278 749 lis
301 697 551 767 HispaniS.
628 701 686 749 Et
712 713 777 750 ne
799 698 924 749 alter
944 698 1144 750 alterius
1173 699 1293 749 fines
1317 701 1677 769 ingrederetur,
1705 701 1886 765 statuit,
1909 720 1961 754 ut
1986 704 2118 755 Lusi-

218 774 326 825 tani
351 773 413 825 ad
437 771 551 824 solis
573 789 766 838 ortum,
790 773 994 843 Hispani
1021 774 1083 825 ad
1113 773 1346 825 occasum
1370 778 1463 826 iter
1487 775 1866 844 ingrederentur
1888 796 1902 840 3
1947 796 2116 847 neque

219 849 452 918 Hispanis
473 849 648 900 liceret
673 849 746 900 uti
770 850 847 899 via
872 868 897 899 a
922 848 1160 901 Lusitanis
1182 866 1369 920 aperta,
1393 851 1441 902 id
1481 850 1546 902 est
1576 852 1804 919 navigare
1841 854 1966 904 ultra
1996 873 2115 923 pro-

219 926 545 977 montorium
567 928 780 988 Giraniae,
805 924 958 976 hodie
981 924 1172 976 dictum
1198 934 1327 977 Bonae
1350 931 1472 992 Spei,
1498 925 1593 977 five
1605 926 1726 978 Cabo
1744 926 1800 978 de
1813 937 1971 981 Bonne
1985 933 2118 1001 Espe-

217 1019 372 1070 ranfe.
458 1004 631 1068 Quam
654 998 957 1051 divisionem
980 998 1176 1051 causam
1204 997 1453 1070 praebuiffe
1486 1003 1787 1054 Solorzanus
1817 1004 2005 1057 ibidem
2039 1023 2117 1057 re-

220 1074 413 1139 fert‚ut
439 1089 543 1127 tam
565 1077 708 1126 anxie
741 1093 767 1126 a
806 1074 1118 1142 MagellanO,
1143 1077 1191 1127 &
1223 1077 1328 1127 aliis
1363 1077 1618 1144 navigatio
1651 1078 1708 1128 ad
1744 1079 2001 1132 Moluccas
2030 1099 2116 1150 per

221 1154 397 1217 maria,
420 1148 934 1214 extra'Lufitanorum
959 1150 1143 1203 limites
1169 1151 1343 1219 pofita,
1367 1168 1668 1221 quaereretur
1689 1172 1700 1204 :
1742 1171 1893 1220 atque
1909 1171 1961 1207 ut
1975 1154 2115 1223 super

219 1227 400 1278 iisdem
425 1224 596 1277 insulis
620 1243 762 1277 novae
783 1226 894 1277 lites
919 1227 1274 1291 excitarentur,
1297 1229 1542 1295 quoniam
1571 1243 1779 1297 uterque
1802 1234 1904 1281 Rex
1931 1248 2007 1282 eas
2023 1230 2115 1283 suis

218 1302 405 1355 finibus
433 1300 803 1371 comprehendi
829 1300 1191 1366 contendebat,
1212 1304 1357 1353 variis
1382 1304 1658 1353 rationibus
1684 1306 1731 1355 δε
1759 1306 1971 1374 ρτεεάἰᾶὶ
1999 1312 2117 1360 Me-

219 1378 400 1430 ridiani
421 1376 892 1447 computationibus
917 1377 1037 1427 hinc
1059 1376 1179 1427 inde
1213 1376 1498 1446 perpensis3
1539 1380 1873 1445 quamobrem
1910 1383 2114 1434 tandem

218 1467 593 1515 convenerunt,
626 1466 680 1503 ut
711 1451 936 1502 Castellae
968 1455 1069 1502 Rex
1099 1451 1206 1502 illas
1237 1452 1476 1504 Lusitanis
1508 1469 1721 1520 350000.
1755 1455 1944 1508 ducatis
1973 1460 2116 1528 oppi-

219 1542 471 1601 gnoraret.
556 1526 682 1579 Vide
708 1544 861 1596 porro
886 1527 1107 1579 eundern
1137 1526 1237 1580 Lib.
1260 1536 1320 1579 11.
1344 1535 1458 1597 Cap.
1486 1546 1558 1588 14.
1583 1548 1631 1580 n.
1655 1547 1723 1590 17.
1745 1529 1802 1587 εἴ
1821 1538 1882 1586 18.

376 1608 490 1655 Hoc
515 1603 666 1671 igitur
691 1602 839 1671 pac‘to
863 1602 1079 1654 Lusitani
1104 1599 1366 1655 Mol‘uccas
1394 1604 1570 1655 insulas
1594 1601 1927 1672 possederunt,
1944 1607 2018 1659 sed
2035 1626 2114 1659 va-

212 1681 292 1732 ''ria
318 1678 575 1730 bellorum
599 1677 844 1742 fortuna,
887 1678 1296 1747 recuperantibus
1328 1678 1453 1744 illas,
1485 1681 1644 1730 modo
1678 1679 1922 1750 HispaniS,
1957 1685 2116 1736 modo

124 1799 130 1807 .
218 1755 476 1817 Lusitanis,
502 1751 709 1805 tandem
734 1754 883 1804 etiam
909 1753 1086 1821 Belgis,
1108 1755 1195 1822 qui
1219 1753 1491 1806 secundum
1515 1757 1642 1824 pacis
1665 1758 1863 1808 Foedera
1887 1776 2003 1809 cum
2023 1763 2117 1811 Lu-

218 1830 385 1887 fitanis
410 1831 458 1881 &
479 1827 711 1896 Hispanis
736 1823 974 1898 percussa,
995 1829 1113 1879 alias
1137 1828 1298 1879 adhuc
1319 1832 1424 1896 jure
1455 1832 1686 1881 Dominii
1711 1832 1963 1884 obtinent.

377 1910 456 1958 De
481 1905 774 1974 Philippinis
800 1921 912 1954 raro
937 1904 994 1953 lis
1018 1898 1157 1954 fuisse
1182 1904 1383 1974 legitur,
1407 1922 1567 1973 quum
1594 1903 1787 1976 semper
1812 1907 1912 1959 fere
1945 1907 2117 1977 Hispa-

218 1998 408 2034 norum
435 1980 620 2031 ditioni
645 1978 832 2030 fuerint
854 1977 1077 2031 accensae.
1160 1979 1404 2032 Cellarius
1424 1987 1558 2053 Geog.
1584 1982 1706 2048 Nost.
1741 1989 1891 2053 Temp.
1917 1991 2028 2054 Cap.
2049 2000 2116 2046 23.

215 2057 409 2110 Solorz.
435 2056 534 2110 Lib.
558 2063 596 2108 I.
619 2050 729 2126 Cap.
755 2063 795 2106 6.
815 2072 864 2107 n.
886 2070 973 2116 74.
1048 2129 1080 2195 §
1179 2132 1256 2180 XI

377 2208 467 2259 His
487 2207 552 2258 ita
581 2205 800 2257 breviter
831 2204 1101 2274 praemisfis,
1137 2203 1327 2256 facilius
1355 2203 1751 2271 ‘quodammodo
1783 2207 2118 2276 percipientur

223 2282 375 2336 verba
404 2282 680 2335 memorati·
701 2294 790 2332 art.
819 2297 863 2342 ς.
903 2288 966 2330 lle
977 2283 1162 2347 scilicet
1186 2280 1405 2347 Htfpanis
1427 2284 1605 2350 integra
1628 2293 1847 2331 maneret
1868 2287 2116 2352 mommo

220 2358 291 2412 ad
308 2357 470 2410 Indicos
495 2359 778 2419 Orientales,
802 2355 1013 2420 eomodo,
1035 2375 1122 2425 quo
1145 2357 1275 2407 idam
1295 2354 1596 2418 exercebant,
1619 2369 1825 2425 tempore
1860 2357 1992 2417 hujus
2023 2366 2118 2408 Foe-

222 2433 367 2495 derra,
391 2434 442 2486 id
466 2432 533 2485 est
557 2450 643 2501 per
655 2431 842 2483 fretum
858 2431 1273 2501 Mageilanicum,
1289 2446 1372 2482 aut
1386 2429 1520 2496 supra
1535 2434 1944 2498 promontorium
1961 2440 2118 2484 Hoom

222 2511 286 2564 ad
322 2509 628 2578 Philippinas
662 2505 860 2571 insulas,
894 2507 1138 2576 quoniam
1169 2507 1268 2557 alio
1295 2507 1474 2555 itinere
1496 2508 1588 2566 uti,
1623 2522 1808 2575 nempe
1834 2505 1971 2573 supra
2003 2524 2118 2575 pro·

224 2587 547 2641 montorium
573 2586 722 2633 Bonae
743 2584 877 2652 Spei,
902 2582 1148 2634 sententia
1171 2580 1423 2632 Pontificis
1446 2580 1672 2643 Maximi,
1712 2578 1849 2650 supra
1873 2582 2037 2644 allata,
2059 2582 2116 2631 iis

224 2658 685 2716 eratinterdistum.

364 2737 513 2787 ¹Dico
536 2731 909 2800 adfhilippinas
936 2731 1129 2799 infidas,
1153 2746 1247 2782 nec
1269 2729 1434 2792 ultra,
1479 2727 1754 2781 secundum
1775 2729 1840 2790 id,
1867 2731 2004 2797 quod
2033 2731 2120 2782 Di-

226 2813 444 2867 restores
467 2808 728 2863 Societatis
750 2807 903 2860 Indiae
926 2806 1224 2935 Orientalis13
1241 2820 1362 2857 tunc
1384 2805 1628 2876 temporis
1649 2809 1699 2857 P.
1723 2809 1773 2858 P.
1798 2806 1858 2858 D.
1883 2811 1944 2857 D.
1968 2805 2123 2932 Orgi-

1264 2897 1290 2952 3
1976 2898 2029 2932 ni
2069 2898 2123 2932 us
