2258 3016
184 116 219 170 6
680 119 1220 172 bissem-Ano
1272 122 1367 173 DE
1416 123 1599 187 JURE

199 204 1142 216 mffl———ss
1151 203 2074 219 m*

183 240 256 288 ita
276 252 332 287 ut
348 237 502 307 postea
526 242 812 309 impugnari,
840 240 931 289 vel
953 241 1006 289 in
1039 236 1235 289 dubium
1266 243 1486 290 revocari
1517 258 1613 291 non
1641 240 1833 309 posst'nt,
1869 241 2074 310 obstante

185 319 416 365 nimirum
436 318 702 381 exceptione
712 312 977 380 sententiae,
1002 311 1060 367 Εἴ
1083 318 1155 363 rei
1160 313 1408 380 judicate,
1430 333 1522 383 quae
1553 334 1612 366 ex
1642 315 1872 378 ejusmodi
1903 316 2076 383 confid-

188 387 465 452 tationtbus,
495 386 824 456 affer-tionibus
848 384 906 442 εἴ
927 386 1194 460 diligentiis
1221 392 1389 454 oritur,
1422 403 1477 440 ut
1508 391 1577 442 ait
1610 389 1745 442 idem
1781 391 2079 443 Solorzanus

190 464 292 515 Ltb.
317 471 403 514 111.
428 469 541 532 Cap.
554 481 589 514 2.
603 479 651 515 n.
672 476 745 519 41.

1022 546 1070 614 ς.
1151 551 1252 602 1v.

342 643 565 691 Centum
593 639 640 690 &
667 637 773 707 plus
795 653 945 706 quam
970 637 1145 707 viginti
1170 637 1289 689 anni
1314 640 1414 705 jam
1449 637 1593 710 elapsi
1624 635 1752 704 sunt,
1785 656 1842 692 ex
1867 657 1970 710 quo
1993 643 2082 694 So·

192 718 340 768 cieras
364 716 514 766 Indiae
541 712 818 764 Orientalis
857 712 1099 763 foederati
1132 714 1285 784 Belgii
1319 716 1714 784 navigationem,
1747 717 1794 766 &
1828 732 2079 768 commer-

189 795 281 856 cia,
307 789 579 842 secundum
607 787 866 856 Privilegia
886 784 967 838 sua
1010 791 1141 856 (quae
1164 792 1265 839 Rex
1291 787 1642 857 Hispaniarum
1665 807 1800 841 anno
1825 790 1961 858 1609.
1984 792 2080 860 pri-

194 884 283 919 mo
310 883 395 935 per
418 864 577 916 foedus
611 863 929 915 Induciarum
953 880 1078 932 aegre
1104 863 1497 931 quodammodo
1521 863 1733 928 admisit,
1768 864 1950 917 deinde
1975 865 2082 935 post

192 943 299 994 satis
323 942 494 1009 longas
520 941 567 990 δε
592 951 806 989 maturas
832 937 1237 1004 deliberationes,
1259 955 1395 990 anno
1421 937 1560 1005 1648.
1599 937 1794 990 solenni
1826 941 1956 1010 pacis
1987 939 2080 992 fo:-

193 1017 311 1069 dere
332 1016 390 1066 ad
416 1031 625 1066 omnem
653 1007 891 1064 effestum
916 1012 1192 1081 pleniffime
1213 1012 1554 1080 confirmavit,
1573 1028 1723 1082 atque
1750 1029 1805 1065 ut
1838 1013 2082 1066 defende-

193 1107 366 1144 rentur
389 1087 632 1158 promisit)
677 1088 727 1138 in
754 1086 915 1138 Indias
939 1087 1225 1139 Orientales
1260 1089 1495 1139 exercuit.
1579 1090 1849 1157 Negotiata
1872 1089 1940 1141 est
1968 1106 2082 1159 prae-

194 1166 323 1220 dieta
355 1166 570 1217 Societas
595 1162 777 1214 abhoc
804 1177 1036 1231 tempore
1072 1163 1218 1232 pacis,
1251 1163 1380 1214 intra
1405 1163 1591 1214 limites
1614 1162 1700 1214 sibi
1735 1160 2003 1228 concessos,
2035 1166 2082 1217 &

194 1241 381 1296 foedere
396 1240 638 1302 firmatOS,
659 1236 758 1289 sine
780 1237 880 1288 ulla
908 1236 1239 1289 memoranda
1261 1237 1599 1306 oppositione,
1623 1252 1710 1290 aut
1742 1238 2032 1291 turbatione
2055 1257 2082 1292 a

194 1332 328 1390 parte
360 1314 727 1384 Hispanorum,
760 1312 953 1364 nedum
987 1330 1014 1363 a
1047 1310 1299 1363 Brabantis
1332 1326 1416 1363 aut
1449 1312 1667 1363 Flandris
1698 1310 1862 1377 fat‘i23
1904 1328 2082 1383 utpote

195 1392 377 1462 quibus
410 1389 662 1459 navigatio
697 1386 779 1438 illa
802 1388 849 1439 δι
882 1387 1291 1452 Commercium‚
1325 1401 1381 1437 ut
1411 1388 1458 1438 δε
1495 1387 1735 1438 omnibus
1770 1387 2083 1458 alienigenis,

195 1479 368 1539 pra-ter
392 1463 655 1535 HispanOS,
688 1479 794 1513 non
820 1477 1016 1514 tantum
1044 1461 1346 1514 Pontificum
1371 1465 1722 1513 Romanorum
1748 1462 2083 1514 Constitutio-

197 1544 361 1607 nibuS,
384 1540 465 1593 sed
486 1542 638 1593 etiam
661 1542 858 1607 Regum
879 1553 932 1588 ac
958 1537 1248 1607 Principum
1274 1535 1478 1589 suorum
1513 1537 1723 1605 legibus,
1756 1553 1896 1589 erant
1932 1539 2083 1589 inter·

196 1619 341 1674 dista.
382 1612 684 1668 Solorz.Lib.
709 1631 751 1665 2.
773 1619 887 1683 Cap.
909 1626 988 1670 24.
1008 1630 1054 1664 n.
1075 1621 1139 1665 16.
1162 1628 1239 1669 24.
1258 1629 1326 1672 29·
1343 1608 1544 1682 &seqq
1587 1617 1700 1681 Cap.
1713 1627 1781 1672 25.
1794 1631 1840 1663 n.
1856 1610 2083 1673 71.&79.

196 1695 281 1747 ubi
307 1693 534 1756 affirmat,
554 1707 640 1760 per
660 1688 962 1758 alienigenas
985 1687 1198 1758 intelligi
1223 1703 1402 1738 omnes
1427 1685 1662 1751 subditos,
1684 1686 1867 1755 quibus
1890 1685 2085 1758 speciali

198 1771 344 1839 Regis
390 1764 712 1820 concessione
753 1780 859 1815 non
893 1776 998 1814 erat
1040 1759 1329 1832 permissum
1372 1763 1602 1830 navigare
1632 1777 1719 1813 aut
1753 1778 2084 1817 mercaturam

198 1854 442 1906 exercere,
465 1842 523 1893 ad
549 1840 805 1892 Indiarum
828 1839 1097 1908 Regiones,
1127 1854 1232 1907 quo
1268 1854 1487 1888 numero
1526 1836 1841 1888 habebantur
1871 1846 2088 1907 Arrago·

199 1918 391 1983 nenses,
415 1918 568 1987 sselgii
594 1915 788 1978 incolat,
811 1914 1018 1982 aliique,
1042 1912 1160 1964 sicut
1191 1914 1467 1965 accuratius
1498 1913 1599 1964 haec
1632 1913 1809 1963 omnia
1841 1913 2089 1982 explican-

199 2010 280 2050 tur
300 1994 358 2046 ab
385 1992 606 2063 Hispano
629 1986 991 2057 jurisconsulto
1012 1991 1138 2054 Juan
1168 1989 1287 2039 Evia
1320 1986 1619 2053 deBolano,
1649 1991 1701 2038 in
1735 1991 1880 2038 Curia
1911 1986 2088 2056 Philip-

193 2077 302 2142 pica
325 2067 384 2120 de
407 2069 685 2119 commercio
708 2064 932 2128 Terrestri
954 2062 1054 2115 Lib.
1077 2079 1113 2114 1.
1141 2069 1252 2131 Cap.
1281 2079 1319 2132 ι.
1352 2083 1400 2114 n.
1427 2071 1499 2123 36.
1539 2077 1692 2132 atque
1713 2062 1865 2113 etiam
1899 2061 2090 2114 constat

198 2167 258 2199 ex
285 2142 520 2213 Responfis
543 2149 823 2212 Legatorum
842 2143 980 2210 Regis
1000 2137 1231 2209 Hispania
1252 2138 1387 2209 ”apud
1416 2138 1618 2190 Aitzma
1649 2135 1720 2188 ad
1745 2156 1929 2190 annum
1957 2144 2088 2194 1646.

203 2220 441 2275 editionis
470 2220 522 2269 in
545 2232 658 2283 4t0.
680 2232 786 2287 pag.
810 2231 925 2285 290.

1053 2314 1102 2383 §-
1181 2318 1242 2367 v.

355 2418 593 2466 Praeterea
615 2407 770 2476 Belgii
792 2405 971 2458 incolis
985 2401 1238 2473 speciatim
1261 2401 1400 2455 istam
1435 2402 1814 2472 navigationem
1846 2403 1896 2456 &
1926 2404 2089 2457 Com-

204 2490 386 2545 mercia
410 2485 660 2558 prohibita
682 2482 912 2534 videmus
935 2497 1022 2549 per
1052 2478 1450 2530 Instrumentum
1484 2476 1749 2541 Cesfionis,
1781 2494 1888 2546 quo
1920 2479 2091 2550 Hispa.

204 2570 400 2620 uiarum
425 2567 544 2625 Rex,
564 2559 720 2628 Belgii
762 2571 882 2608 tunc
924 2554 1168 2623 temporis
1199 2554 1449 2621 Princeps,
1484 2553 1591 2603 illas
1629 2554 1911 2604 Provincias
1934 2554 2090 2619 cessit,

205 2646 251 2694 ἂ
275 2639 477 2692 tradidit
498 2632 820 2689 serenissimis
849 2628 1207 2682 Archiducibus
1234 2627 1446 2680 Alberto
1469 2629 1517 2679 &
1541 2627 1919 2695 lsabellae,cuju‘s
1941 2638 2093 2690 art.8.

203 2732 408 2770 cautum
434 2733 445 2766 :
480 2721 554 2764 Ne
584 2706 947 2771 Archiducibus,
972 2717 1058 2757 aut
1076 2706 1258 2756 Morum
1272 2701 1616 2771 flaccesfim'bus
1647 2700 1972 2771 autfitbditis,
2002 2722 2092 2756 un.

202 2811 346 2864 quam
358 2791 452 2862 fas
475 2787 600 2857 effic,
620 2786 975 2857 navigationem
1003 2777 1061 2836 ὅ
1085 2783 1374 2833 Commercia
1397 2796 1617 2832 exercere
1640 2776 1709 2829 ad
1728 2777 1897 2831 Indias
1924 2785 2094 2832 Orien·

1949 2856 2091 2918 tales,
