2258 3016
166 125 207 163 12
656 99 1336 157 D1SSERTA·T10=DE
1378 99 1563 167 JuRE

170 234 477 291 commercia
500 230 773 296 unicuique
812 225 1043 296 gentium
1077 219 1361 274 concedere
1388 220 1588 290 possint,
1612 220 1763 273 licere
1796 223 1882 275 fibi
1907 224 2069 277 existi‚

175 312 513 368 mantintrare
539 305 665 356 fines
687 301 899 364 nostros,
921 297 989 350 ibi
1017 297 1271 365 navigare,
1290 296 1556 365 negotiari,
1579 294 1834 362 fortalitia,
1858 299 2071 361 castella,

176 386 382 459 oppida,
416 383 646 435 stationes
683 390 969 450 mercaturae
1004 370 1144 425 causa
1179 371 1387 440 erigere,
1419 371 1702 440 eademque
1734 375 1964 441 pecunia,
1992 375 2074 426 νει

178 464 329 518 armis
352 460 627 529 acquirere,
652 453 851 521 aliaque
874 449 1054 514 facere,
1076 445 1260 516 quibus
1283 446 1420 498 lucra
1449 448 1709 503 societatis
1736 447 1909 501 nostrae
1924 449 2078 501 inter·

180 541 466 610 cipiantur,
506 548 664 601 quum
700 545 758 579 ex
794 528 870 590 iis,
891 541 999 593 quae
1020 523 1345 591 contigerunt
1377 538 1629 591 tempore,
1661 541 1765 591 quo
1798 522 1961 575 foedus
1992 528 2077 576 ln.

182 616 445 668 duciarum
466 626 580 659 cum
607 603 881 657 Foederato
906 599 1078 668 Belgio
1104 599 1305 660 exierat,
1334 597 1534 665 liquido
1559 598 1770 661 constet,
1784 601 1972 667 Regem
1987 600 2079 650 Hi,

184 691 465 762 spaniarum
489 682 679 734 bellum
705 678 912 746 quidem
939 666 1249 735 resuscitaffe,
1269 671 1339 722 ob
1362 673 1411 722 id
1426 669 1763 741 solum,quod
1787 674 1948 743 Belgae
1968 677 2077 729 Ερε-

188 765 343 820 derati
366 762 424 813 ad
449 759 609 812 Indias
647 751 932 807 Orientales
961 749 1272 816 navigarent,
1312 747 1429 798 licet
1455 747 1759 799 abstinerent
1773 742 1805 799 ¹a
1833 748 1955 800 locis
1981 753 2082 801 Ca-

188 839 545 900 stellanorum,‘
562 847 728 899 neque
756 828 866 879 ullo
898 823 1088 876 foedere
1111 821 1187 874 vel
1222 822 1368 890 pacsto
1389 823 1451 873 ad
1488 822 1839 877 abstinendum
1874 841 1900 876 a
1928 826 2083 877 Maris

190 919 277 971 usu
306 910 460 967 essent
480 907 706 976 obligati.
779 902 914 954 -Vide
937 909 1041 952 Art.
1056 912 1105 956 4.
1130 900 1285 951 Tracfl.
1302 897 1467 951 Indue.
1500 903 1632 950 Anni
1656 907 1773 960 1609.
1813 899 2003 952 Solon,
2025 899 2084 953 de

191 1004 311 1070 Jure
334 987 602 1048 Indiarum,
625 980 727 1033 Lib.
750 987 810 1030 11.
835 983 947 1042 Cap.
977 991 1042 1034 25.
1065 993 1114 1026 n.
1138 980 1207 1034 83.
2076 1016 2078 1019 v

348 1069 473 1135 Qo
498 1059 642 1131 pasto
665 1054 854 1125 singula
876 1049 1084 1121 oppida,
1121 1047 1334 1113 castella,
1369 1062 1562 1116 portuS‚
1598 1044 1853 1115 fortalitia,
1887 1049 2086 1118 aliaque

195 1146 308 1198 loca
331 1139 644 1194 coemtione,
676 1132 1044 1190 conventione,
1066 1140 1152 1176 aut
1171 1125 1342 1187 armiS,
1364 1124 1545 1193 partim
1569 1142 1594 1175 a
1619 1123 1880 1188 LufitaniS,
1901 1128 2085 1194 partim

196 1223 257 1276 ab
287 1217 467 1270 Indicis
487 1210 687 1280 regulis,
713 1205 893 1276 partim
926 1204 1078 1254 etiam
1110 1199 1171 1252 ab
1203 1197 1432 1268 Hispanis
1467 1216 1554 1269 per
1587 1200 1890 1251 Societatem
1920 1200 2089 1253 Foede-

196 1300 286 1351 rati
311 1293 465 1361 Belgii
488 1301 629 1355 capta
653 1286 701 1335 &
726 1278 960 1349 acquisita
992 1275 1102 1340 fint,
1132 1276 1213 1326 hic
1243 1291 1474 1326 enarrare
1497 1275 1710 1342 longum
1749 1273 1879 1328 foret
1906 1277 1954 1327 δι
1978 1277 2091 1327 inu-

196 1376 281 1427 tile
305 1391 321 1434 3
361 1366 624 1436 quoniam,
653 1358 685 1410 fi
708 1356 815 1428 post
838 1370 938 1407 tam
964 1351 1192 1403 diuturni
1217 1351 1458 1419 temporis
1492 1349 1679 1414 astum,
1702 1350 1766 1402 de
1795 1351 1869 1415 iis,
1893 1367 2003 1419 quae
2025 1351 2086 1401 ab

199 1448 305 1522 ipso
330 1445 416 1496 usu
441 1444 488 1493 &
516 1431 881 1490 consuetudine
903 1427 1375 1496 interpretationem
1396 1440 1584 1485 certam
1608 1440 1922 1495 receperunt,
1937 1426 2090 1478 hodie

199 1523 452 1594 inquirere
476 1516 639 1575 liceat,
670 1509 721 1561 id
754 1521 952 1558 tanturn
988 1501 1243 1572 agendum
1272 1499 1486 1569 videtur,
1520 1514 1575 1552 ut
1605 1501 1887 1555 accuratius
1907 1503 2094 1553 exami-

201 1616 408 1660 nemuS,
454 1590 577 1661 quid
606 1589 736 1638 inter
768 1587 957 1653 Regem
990 1576 1373 1647 Hispaniarum,
1408 1576 1456 1627 &
1487 1574 1801 1630 Foederatum
1846 1575 2093 1645 Belgium,

203 1672 441 1732 Articulis
463 1668 595 1720 Pacis
620 1654 1022 1714 Monasterienfis
1044 1670 1087 1715 5.
1112 1651 1220 1704 &6.
1236 1664 1549 1703 conventum
1563 1649 1636 1713 fit,
1649 1664 1753 1702 tam
1778 1652 1976 1704 ratione
1989 1657 2092 1716 Rei,

207 1758 269 1808 de
292 1766 388 1820 qua
410 1749 779 1797 convenerunt,
792 1749 946 1802 quam
968 1730 1168 1782 ratione
1193 1727 1523 1797 Perfimarum,
1546 1742 1655 1795 quae
1677 1723 1763 1777 sub
1791 1741 1848 1778 ea
1869 1742 2096 1779 conven-

207 1834 347 1883 tione
372 1811 895 1889 comprebenduntur.
1063 1878 1096 1948 ς

363 1971 578 2025 Ratione
598 1968 668 2016 rei
688 1960 943 2029 objecium
967 1957 1270 2027 praecipuum
1301 1951 1679 2017 conventionis,
1701 1949 1974 2014 secundum
2006 1955 2099 2005 Ar.

211 2055 423 2110 ticulum
449 2047 708 2114 quintum,
743 2037 807 2089 est
832 2032 1007 2086 divisio
1032 2031 1289 2083 lndiarum
1318 2028 1660 2080 Orientalium
1680 2028 1732 2078 in
1755 2026 1875 2079 duas
1899 2042 2057 2098 partes
2080 2047 2097 2090 3

214 2142 428 2201 quarum
452 2137 558 2192 pars
581 2111 941 2171 Occidentalis,
974 2107 1216 2175 incipiens
1251 2124 1277 2155 a
1310 2103 1604 2171 Philippinis
1633 2100 1822 2166 insulis,
1854 2102 2014 2170 ‘vulgo
2042 2103 2099 2155 de

212 2201 477 2262 Manilbas,
499 2193 697 2245 cederet
722 2185 967 2255 Hispanis,
988 2199 1095 2252 pars
1119 2179 1412 2240 Orientalis‚
1438 2178 1684 2245 incipiens
1707 2178 2100 2245 aMoluccis‚in.

213 2299 350 2354 tegra
373 2282 601 2327 maneret
622 2263 857 2316 Societati
883 2257 1031 2311 Indiae
1054 2254 1326 2308 Orientalis
1351 2252 1590 2304 Foederati
1615 2252 1783 2320 Belgii.

367 2344 598 2416 Hispanis
621 2334 812 2391 necesse
836 2331 951 2387 effer
973 2330 1363 2398 Navigationem
1388 2328 1449 2379 ad
1473 2326 1632 2378 lndias
1659 2327 1945 2380 Orientales
1967 2327 2103 2380 insti.

214 2446 355 2486 tuere
389 2424 572 2476 eodem
612 2414 788 2475 m0d0,
823 2428 928 2479 quo
962 2407 1099 2458 illam
1136 2420 1366 2474 tempore
1398 2402 1528 2453 istius
1561 2401 1776 2453 Foederis
1808 2404 2103 2456 exercebant

214 2505 587 2565 habebantque,
608 2505 774 2556 neque
794 2487 966 2537 liceret
990 2482 1087 2532 illis
1118 2481 1387 2531 Orientem
1419 2476 1580 2528 versus
1608 2476 1815 2528 ulterius
1847 2478 2101 2548 progredi,

217 2584 330 2647 live,
359 2591 413 2628 ut
431 2570 578 2625 verba
608 2564 652 2616 se
682 2563 886 2624 habent,
908 2560 1109 2610 ulterius
1123 2554 1180 2622 se
1206 2551 1476 2605 extendere.
2030 2556 2033 2557 ⁷

372 2646 559 2704 Divisio
582 2659 640 2692 ea
664 2637 831 2689 similis
852 2633 955 2686 fere
977 2630 1043 2682 est
1065 2629 1156 2692 isti,
1178 2645 1330 2697 quam
1373 2631 1526 2677 Anno
1558 2640 1687 2693 ¹493·
1724 2623 1842 2678 fecit
1872 2625 2104 2681 pontifex

214 2731 465 2786 Maximus
490 2713 769 2774 Alexander
792 2715 872 2762 VI.
896 2706 1143 2760 referente
1165 2704 1443 2756 Solorzano
1474 2699 1575 2752 Lib.
1600 2709 1639 2752 Ι.
1666 2708 1780 2770 Cap.
1801 2709 1842 2752 6.
1869 2719 2001 2754 num.
2033 2713 2105 2757 σε.

220 2804 418 2877 εἴρῃ.
495 2794 621 2866 Qi,
641 2804 759 2842 cum
782 2787 843 2840 lis
876 2785 1092 2838 oriretur
1113 2779 1186 2851 ,de
1220 2777 1468 2831 limitibus
1487 2776 1839 2845 Navigationis
1873 2778 1921 2828 &
1942 2781 2104 2829 Com-

1911 2868 2105 2918 mercii,

2060 3007 2258 3016 ᾈ--ι
