2258 3016
245 133 312 185 ¹32
876 112 1475 162 APPENDIX.

1963 203 2103 210 ——-——.-

262 198 1168 217 μ’*-

248 242 427 293 attinet
448 234 510 285 ad
524 232 627 282 istas
639 247 711 280 res
725 244 1022 279 communes
1037 229 1081 278 &
1098 227 1315 296 publicas
1328 263 1342 288 ,
1384 229 1745 299 praeoccupatio
1757 229 1884 281 nihil
1897 232 2115 285 omnino

243 329 357 395 juris
378 327 429 375 in
455 315 740 390 possessione
759 316 836 367 vel
861 314 1157 383 proprietate
1182 313 1372 364 tribuit.
1399 315 1490 364 ἃς.

373 454 451 501 De
473 447 576 497 aliis
598 445 762 510 itaque
785 438 960 490 Infulis
991 457 1045 490 ac
1065 437 1334 489 Provinciis
1354 473 1369 500 ‚
1408 450 1515 505 ‘quat
1542 435 1875 507 Hispanorum
1907 443 2114 509 propriae

251 541 362 594 sunt
386 575 400 601 ‚
439 532 575 586 aliud
601 527 869 580 dicendum
897 525 988 575 est:
1029 526 1081 574 in
1102 526 1157 574 iis
1182 524 1318 574 enim
1347 536 1642 574 mercaturas
1666 543 1720 576 ac
1744 527 2115 594 negotiationes

250 630 393 682 certis
412 622 600 691 legibus
625 613 1037 674 circumscribere,
1078 625 1160 662 aut
1182 613 1329 661 etiam
1351 611 1475 662 datis
1498 613 1760 678 privilegiis
1780 614 2006 663 adunam
2028 611 2114 662 ali-

252 733 404 788 quam
432 711 702 762 Civitatem
727 702 804 751 vel
831 700 1071 768 populum
1098 698 1385 763 restringere
1408 698 1564 765 potest
1588 700 1844 767 Princeps,
1882 717 1983 768 arg.
2019 699 2050 747 l.
2072 713 2117 747 2.

254 806 310 863 (ς
332 808 364 856 l.
387 816 435 858 4.
458 805 507 848 C.
539 794 593 846 de
614 806 847 842 commerc.
945 789 1017 836 Ita
1046 802 1159 836 cuni
1185 784 1393 834 Lusitani
1416 784 1604 836 Carolo
1627 790 1684 835 V.
1701 784 1877 836 Caesari
1908 802 1999 854 pro
2030 799 2116 834 ne·

252 889 531 964 gotiatione
564 883 614 932 in
645 876 815 928 Infulis
839 873 1191 925 Moluccarum
1229 876 1252 934 <
1264 870 1397 921 unde
1424 869 1793 938 pretiofiffimae
1822 869 2003 940 species
2033 888 2119 940 ap..

255 962 542 1052 portantur)
590 984 700 1032 300.
731 977 996 1014 aureorum
1029 959 1185 1009 millia
1211 952 1573 1018 numerassent,
1615 957 1900 1007 Genuenses
1929 958 1976 1008 &
2006 957 2117 1008 Flo-

255 1065 439 1122 rentini
473 1074 580 1110 non
611 1051 769 1105 modo
803 1048 1064 1117 pecuniam
1108 1058 1431 1115 numeratam?
1453 1042 1684 1093 Lusitanis
1713 1043 1995 1107 restituere,
2034 1042 2117 1095 sed

334 1150 545 1221 amplius
582 1158 694 1206 500.
724 1136 884 1190 millia
914 1133 1205 1201 Imperatori
1237 1130 1518 1199 dependere
1543 1129 1840 1195 voluerunt,
1877 1143 1934 1180 ut
1953 1128 2038 1180 sibi

594 1229 656 1283 ad
675 1245 752 1280 eas
773 1223 953 1278 Insulas
975 1234 1163 1290 pateret
1181 1218 1359 1271 aditus.
1438 1219 1705 1269 GRYPH.
1722 1214 1782 1268 de

947 1308 1090 1375 Insitl.
1113 1314 1161 1360 C.
1181 1322 1249 1366 25.
1280 1324 1327 1359 n.
1346 1322 1424 1367 79.

1839 2734 2144 2807 DISSER.
