<?xml version="1.0" encoding="UTF-8"?>
<!DOCTYPE html PUBLIC "-//W3C//DTD XHTML 1.0 Transitional//EN"
    "http://www.w3.org/TR/xhtml1/DTD/xhtml1-transitional.dtd">
<html xmlns="http://www.w3.org/1999/xhtml" xml:lang="en" lang="en">
 <head>
  <title>
</title>
<meta http-equiv="Content-Type" content="text/html;charset=utf-8" />
  <meta name='ocr-system' content='tesseract 3.04.00' />
  <meta name='ocr-capabilities' content='ocr_page ocr_carea ocr_par ocr_line ocrx_word'/>
</head>
<body>
  <div class='ocr_page' id='page_1' title='image "./vindiciaelvcvlen00macn_0159.png"; bbox 0 0 2258 3016; ppageno 0'>
   <div class='ocr_carea' id='block_1_1' title="bbox 508 117 2068 197">
    <p class='ocr_par' dir='ltr' id='par_1_1' title="bbox 508 117 2068 197">
     <span class='ocr_line' id='line_1_1' title="bbox 508 117 2068 197; baseline 0.005 -27"><span class='ocrx_word' id='word_1_1' title='bbox 508 117 841 197; x_wconf 20' lang='lat' dir='ltr'>·socm’r.</span> <span class='ocrx_word' id='word_1_2' title='bbox 891 119 1052 169; x_wconf 76' lang='lat' dir='ltr'>mo.</span> <span class='ocrx_word' id='word_1_3' title='bbox 1103 118 1698 172; x_wconf 67' lang='lat' dir='ltr'>ORIENTALIUM.</span> <span class='ocrx_word' id='word_1_4' title='bbox 2016 138 2068 195; x_wconf 67' lang='grc' dir='ltr'>ις»</span> 
     </span>
    </p>
   </div>
   <div class='ocr_carea' id='block_1_2' title="bbox 177 208 1515 222">
    <p class='ocr_par' dir='ltr' id='par_1_2' title="bbox 177 208 1515 222">
     <span class='ocr_line' id='line_1_2' title="bbox 177 208 1515 222; baseline -0.002 -4"><span class='ocrx_word' id='word_1_5' title='bbox 177 208 1496 222; x_wconf 65' lang='lat'>——-——.-—--———-..——-——--—.-——....‚</span> <span class='ocrx_word' id='word_1_6' title='bbox 1511 213 1515 221; x_wconf 84' lang='grc'>,</span> 
     </span>
    </p>
   </div>
   <div class='ocr_carea' id='block_1_3' title="bbox 144 235 2067 2834">
    <p class='ocr_par' dir='ltr' id='par_1_3' title="bbox 158 235 2067 1126">
     <span class='ocr_line' id='line_1_3' title="bbox 172 235 2067 310; baseline 0.005 -20"><span class='ocrx_word' id='word_1_7' title='bbox 172 238 303 304; x_wconf 89' lang='lat' dir='ltr'>sunt,</span> <span class='ocrx_word' id='word_1_8' title='bbox 326 254 486 306; x_wconf 87' lang='lat' dir='ltr'>eaque</span> <span class='ocrx_word' id='word_1_9' title='bbox 508 254 601 307; x_wconf 86' lang='lat' dir='ltr'>pro</span> <span class='ocrx_word' id='word_1_10' title='bbox 630 235 922 306; x_wconf 87' lang='lat' dir='ltr'>synonymis</span> <span class='ocrx_word' id='word_1_11' title='bbox 944 239 993 288; x_wconf 74' lang='grc' dir='ltr'>δι</span> <span class='ocrx_word' id='word_1_12' title='bbox 1015 238 1448 305; x_wconf 78' lang='lat' dir='ltr'>aequipollentibus</span> <span class='ocrx_word' id='word_1_13' title='bbox 1481 255 1604 292; x_wconf 91' lang='lat' dir='ltr'>tunc</span> <span class='ocrx_word' id='word_1_14' title='bbox 1633 245 1879 310; x_wconf 88' lang='lat' dir='ltr'>temporis</span> <span class='ocrx_word' id='word_1_15' title='bbox 1912 246 2067 301; x_wconf 87' lang='lat' dir='ltr'>habe-</span> 
     </span>
     <span class='ocr_line' id='line_1_4' title="bbox 171 310 2065 380; baseline 0.005 -17"><span class='ocrx_word' id='word_1_16' title='bbox 171 311 370 378; x_wconf 82' lang='lat' dir='ltr'>bantur,</span> <span class='ocrx_word' id='word_1_17' title='bbox 392 312 512 362; x_wconf 91' lang='lat' dir='ltr'>inde</span> <span class='ocrx_word' id='word_1_18' title='bbox 544 313 702 380; x_wconf 88' lang='lat' dir='ltr'>magis</span> <span class='ocrx_word' id='word_1_19' title='bbox 725 310 834 362; x_wconf 89' lang='lat' dir='ltr'>casu</span> <span class='ocrx_word' id='word_1_20' title='bbox 867 328 1021 378; x_wconf 89' lang='lat' dir='ltr'>quam</span> <span class='ocrx_word' id='word_1_21' title='bbox 1052 311 1269 363; x_wconf 83' lang='lat' dir='ltr'>confilio.</span> <span class='ocrx_word' id='word_1_22' title='bbox 1292 311 1376 364; x_wconf 88' lang='lat' dir='ltr'>ista</span> <span class='ocrx_word' id='word_1_23' title='bbox 1411 329 1598 367; x_wconf 86' lang='lat' dir='ltr'>vocum</span> <span class='ocrx_word' id='word_1_24' title='bbox 1632 311 1912 371; x_wconf 84' lang='lat' dir='ltr'>differentia</span> <span class='ocrx_word' id='word_1_25' title='bbox 1947 322 2065 375; x_wconf 89' lang='lat' dir='ltr'>irre-</span> 
     </span>
     <span class='ocr_line' id='line_1_5' title="bbox 170 383 2065 458; baseline 0.006 -21"><span class='ocrx_word' id='word_1_26' title='bbox 170 383 306 456; x_wconf 80' lang='lat' dir='ltr'>plisse</span> <span class='ocrx_word' id='word_1_27' title='bbox 331 386 541 438; x_wconf 89' lang='lat' dir='ltr'>videtur.</span> <span class='ocrx_word' id='word_1_28' title='bbox 623 389 754 437; x_wconf 86' lang='lat' dir='ltr'>Nam</span> <span class='ocrx_word' id='word_1_29' title='bbox 778 385 810 435; x_wconf 78' lang='lat' dir='ltr'>ss</span> <span class='ocrx_word' id='word_1_30' title='bbox 836 384 978 436; x_wconf 87' lang='lat' dir='ltr'>aliter</span> <span class='ocrx_word' id='word_1_31' title='bbox 1000 386 1147 438; x_wconf 85' lang='lat' dir='ltr'>verba</span> <span class='ocrx_word' id='word_1_32' title='bbox 1159 388 1480 455; x_wconf 82' lang='lat' dir='ltr'>accipiantur,</span> <span class='ocrx_word' id='word_1_33' title='bbox 1503 406 1665 458; x_wconf 89' lang='lat' dir='ltr'>eaque</span> <span class='ocrx_word' id='word_1_34' title='bbox 1687 391 1865 455; x_wconf 64' lang='lat' dir='ltr'>stridle,</span> <span class='ocrx_word' id='word_1_35' title='bbox 1893 393 2065 448; x_wconf 84' lang='lat' dir='ltr'>secun-</span> 
     </span>
     <span class='ocr_line' id='line_1_6' title="bbox 171 459 2061 530; baseline 0.006 -18"><span class='ocrx_word' id='word_1_36' title='bbox 171 462 296 512; x_wconf 90' lang='lat' dir='ltr'>dum</span> <span class='ocrx_word' id='word_1_37' title='bbox 320 459 511 513; x_wconf 88' lang='lat' dir='ltr'>sensum</span> <span class='ocrx_word' id='word_1_38' title='bbox 537 460 967 527; x_wconf 86' lang='lat' dir='ltr'>Geographicum,</span> <span class='ocrx_word' id='word_1_39' title='bbox 991 463 1302 530; x_wconf 84' lang='lat' dir='ltr'>interpretari</span> <span class='ocrx_word' id='word_1_40' title='bbox 1328 464 1467 526; x_wconf 82' lang='lat' dir='ltr'>velis,</span> <span class='ocrx_word' id='word_1_41' title='bbox 1492 481 1649 515; x_wconf 88' lang='lat' dir='ltr'>nemo</span> <span class='ocrx_word' id='word_1_42' title='bbox 1670 469 1961 520; x_wconf 84' lang='lat' dir='ltr'>mortalium</span> <span class='ocrx_word' id='word_1_43' title='bbox 1978 488 2061 523; x_wconf 83' lang='lat' dir='ltr'>ex-</span> 
     </span>
     <span class='ocr_line' id='line_1_7' title="bbox 171 534 2062 614; baseline 0.006 -29"><span class='ocrx_word' id='word_1_44' title='bbox 171 536 344 605; x_wconf 86' lang='lat' dir='ltr'>pedire</span> <span class='ocrx_word' id='word_1_45' title='bbox 370 535 572 604; x_wconf 78' lang='lat' dir='ltr'>poterit,</span> <span class='ocrx_word' id='word_1_46' title='bbox 591 537 701 602; x_wconf 91' lang='lat' dir='ltr'>quis</span> <span class='ocrx_word' id='word_1_47' title='bbox 723 535 804 585; x_wconf 87' lang='lat' dir='ltr'>hic</span> <span class='ocrx_word' id='word_1_48' title='bbox 832 534 887 585; x_wconf 86' lang='lat' dir='ltr'>fit</span> <span class='ocrx_word' id='word_1_49' title='bbox 913 537 965 585; x_wconf 90' lang='lat' dir='ltr'>in</span> <span class='ocrx_word' id='word_1_50' title='bbox 993 536 1319 603; x_wconf 85' lang='lat' dir='ltr'>obligatione,</span> <span class='ocrx_word' id='word_1_51' title='bbox 1343 551 1430 587; x_wconf 87' lang='lat' dir='ltr'>aut</span> <span class='ocrx_word' id='word_1_52' title='bbox 1448 554 1694 605; x_wconf 89' lang='lat' dir='ltr'>quatenus</span> <span class='ocrx_word' id='word_1_53' title='bbox 1716 545 2062 614; x_wconf 85' lang='lat' dir='ltr'>unusquisque</span> 
     </span>
     <span class='ocr_line' id='line_1_8' title="bbox 170 610 2058 686; baseline 0.004 -26"><span class='ocrx_word' id='word_1_54' title='bbox 170 611 580 660; x_wconf 82' lang='lat' dir='ltr'>contrahentium</span> <span class='ocrx_word' id='word_1_55' title='bbox 616 622 861 660; x_wconf 86' lang='lat' dir='ltr'>teneatur.</span> <span class='ocrx_word' id='word_1_56' title='bbox 944 613 1053 661; x_wconf 84' lang='lat' dir='ltr'>Vox</span> <span class='ocrx_word' id='word_1_57' title='bbox 1077 610 1372 677; x_wconf 71' lang='lat' dir='ltr'>fitbdttorum</span> <span class='ocrx_word' id='word_1_58' title='bbox 1405 618 1539 683; x_wconf 74' lang='lat' dir='ltr'>Regis</span> <span class='ocrx_word' id='word_1_59' title='bbox 1571 613 1716 665; x_wconf 88' lang='lat' dir='ltr'>latius</span> <span class='ocrx_word' id='word_1_60' title='bbox 1747 630 1882 685; x_wconf 88' lang='lat' dir='ltr'>patet</span> <span class='ocrx_word' id='word_1_61' title='bbox 1907 636 2058 686; x_wconf 86' lang='lat' dir='ltr'>quam</span> 
     </span>
     <span class='ocr_line' id='line_1_9' title="bbox 171 682 2058 761; baseline 0.005 -27"><span class='ocrx_word' id='word_1_62' title='bbox 171 684 504 751; x_wconf 63' lang='lat' dir='ltr'>Hispanorum,</span> <span class='ocrx_word' id='word_1_63' title='bbox 524 682 863 752; x_wconf 89' lang='lat' dir='ltr'>Hispanorum</span> <span class='ocrx_word' id='word_1_64' title='bbox 899 685 1082 734; x_wconf 89' lang='lat' dir='ltr'>iterum</span> <span class='ocrx_word' id='word_1_65' title='bbox 1116 685 1262 736; x_wconf 87' lang='lat' dir='ltr'>latius</span> <span class='ocrx_word' id='word_1_66' title='bbox 1296 702 1450 753; x_wconf 88' lang='lat' dir='ltr'>quam</span> <span class='ocrx_word' id='word_1_67' title='bbox 1484 687 1868 757; x_wconf 71' lang='lat' dir='ltr'>Casteaanomm,</span> <span class='ocrx_word' id='word_1_68' title='bbox 1896 710 2058 761; x_wconf 88' lang='lat' dir='ltr'>quum</span> 
     </span>
     <span class='ocr_line' id='line_1_10' title="bbox 171 757 2057 834; baseline 0.007 -26"><span class='ocrx_word' id='word_1_69' title='bbox 171 757 371 809; x_wconf 88' lang='lat' dir='ltr'>Castilia</span> <span class='ocrx_word' id='word_1_70' title='bbox 404 759 606 827; x_wconf 86' lang='lat' dir='ltr'>proprie</span> <span class='ocrx_word' id='word_1_71' title='bbox 637 757 785 819; x_wconf 73' lang='lat' dir='ltr'>dista,</span> <span class='ocrx_word' id='word_1_72' title='bbox 824 757 920 808; x_wconf 86' lang='lat' dir='ltr'>five</span> <span class='ocrx_word' id='word_1_73' title='bbox 953 766 1204 821; x_wconf 72' lang='lat' dir='ltr'>veterem,</span> <span class='ocrx_word' id='word_1_74' title='bbox 1226 757 1320 810; x_wconf 82' lang='lat' dir='ltr'>five</span> <span class='ocrx_word' id='word_1_75' title='bbox 1358 776 1544 812; x_wconf 88' lang='lat' dir='ltr'>novam</span> <span class='ocrx_word' id='word_1_76' title='bbox 1578 763 1846 834; x_wconf 85' lang='lat' dir='ltr'>intelligas,</span> <span class='ocrx_word' id='word_1_77' title='bbox 1880 769 1959 818; x_wconf 88' lang='lat' dir='ltr'>vix</span> <span class='ocrx_word' id='word_1_78' title='bbox 1979 783 2057 822; x_wconf 93' lang='lat' dir='ltr'>tot</span> 
     </span>
     <span class='ocr_line' id='line_1_11' title="bbox 168 832 2057 902; baseline 0.006 -19"><span class='ocrx_word' id='word_1_79' title='bbox 168 833 315 884; x_wconf 83' lang='lat' dir='ltr'>urbes</span> <span class='ocrx_word' id='word_1_80' title='bbox 339 832 755 901; x_wconf 84' lang='lat' dir='ltr'>comprehendat,</span> <span class='ocrx_word' id='word_1_81' title='bbox 780 848 907 898; x_wconf 86' lang='lat' dir='ltr'>quot</span> <span class='ocrx_word' id='word_1_82' title='bbox 937 832 1168 902; x_wconf 80' lang='lat' dir='ltr'>Hispania</span> <span class='ocrx_word' id='word_1_83' title='bbox 1191 837 1377 900; x_wconf 83' lang='lat' dir='ltr'>Regna.</span> <span class='ocrx_word' id='word_1_84' title='bbox 1461 834 1607 886; x_wconf 85' lang='lat' dir='ltr'>Unde</span> <span class='ocrx_word' id='word_1_85' title='bbox 1638 832 1788 889; x_wconf 82' lang='lat' dir='ltr'>etiam</span> <span class='ocrx_word' id='word_1_86' title='bbox 1827 841 2057 897; x_wconf 82' lang='lat' dir='ltr'>videmus</span> 
     </span>
     <span class='ocr_line' id='line_1_12' title="bbox 167 904 2057 977; baseline 0.003 -20"><span class='ocrx_word' id='word_1_87' title='bbox 167 907 299 974; x_wconf 86' lang='lat' dir='ltr'>apud</span> <span class='ocrx_word' id='word_1_88' title='bbox 325 904 528 969; x_wconf 86' lang='lat' dir='ltr'>Aitsma,</span> <span class='ocrx_word' id='word_1_89' title='bbox 547 920 653 977; x_wconf 85' lang='lat' dir='ltr'>pag.</span> <span class='ocrx_word' id='word_1_90' title='bbox 676 923 774 966; x_wconf 88' lang='lat'><em>104.</em></span> <span class='ocrx_word' id='word_1_91' title='bbox 815 907 955 974; x_wconf 91' lang='lat' dir='ltr'>quod</span> <span class='ocrx_word' id='word_1_92' title='bbox 984 910 1082 957; x_wconf 87' lang='lat' dir='ltr'>Rex</span> <span class='ocrx_word' id='word_1_93' title='bbox 1105 906 1474 976; x_wconf 82' lang='lat' dir='ltr'>Hispaniarum,</span> <span class='ocrx_word' id='word_1_94' title='bbox 1496 911 1583 977; x_wconf 89' lang='lat' dir='ltr'>qui</span> <span class='ocrx_word' id='word_1_95' title='bbox 1607 926 1721 964; x_wconf 86' lang='lat' dir='ltr'>ante</span> <span class='ocrx_word' id='word_1_96' title='bbox 1746 913 1905 966; x_wconf 83' lang='lat' dir='ltr'>foedus</span> <span class='ocrx_word' id='word_1_97' title='bbox 1939 921 2057 969; x_wconf 91' lang='lat' dir='ltr'>Mo..</span> 
     </span>
     <span class='ocr_line' id='line_1_13' title="bbox 168 979 2058 1053; baseline 0.007 -22"><span class='ocrx_word' id='word_1_98' title='bbox 168 979 478 1045; x_wconf 86' lang='lat' dir='ltr'>nasteriense,</span> <span class='ocrx_word' id='word_1_99' title='bbox 500 988 600 1031; x_wconf 89' lang='lat' dir='ltr'>Rex</span> <span class='ocrx_word' id='word_1_100' title='bbox 622 981 817 1049; x_wconf 81' lang='lat' dir='ltr'>Castiliae</span> <span class='ocrx_word' id='word_1_101' title='bbox 838 980 1129 1048; x_wconf 85' lang='lat' dir='ltr'>vocabatur,</span> <span class='ocrx_word' id='word_1_102' title='bbox 1150 996 1384 1052; x_wconf 89' lang='lat' dir='ltr'>tempore</span> <span class='ocrx_word' id='word_1_103' title='bbox 1405 982 1540 1036; x_wconf 88' lang='lat' dir='ltr'>istius</span> <span class='ocrx_word' id='word_1_104' title='bbox 1562 982 1779 1053; x_wconf 84' lang='lat' dir='ltr'>foederis,</span> <span class='ocrx_word' id='word_1_105' title='bbox 1800 990 1951 1042; x_wconf 89' lang='lat' dir='ltr'>titulo</span> <span class='ocrx_word' id='word_1_106' title='bbox 1965 1000 2058 1044; x_wconf 86' lang='lat' dir='ltr'>Re-</span> 
     </span>
     <span class='ocr_line' id='line_1_14' title="bbox 158 1053 878 1126; baseline -0.001 -19"><span class='ocrx_word' id='word_1_107' title='bbox 158 1059 233 1126; x_wconf 70' lang='lat' dir='ltr'>gis</span> <span class='ocrx_word' id='word_1_108' title='bbox 256 1053 596 1122; x_wconf 59' lang='lat' dir='ltr'>Hispaniarum</span> <span class='ocrx_word' id='word_1_109' title='bbox 619 1053 673 1104; x_wconf 85' lang='lat' dir='ltr'>fit</span> <span class='ocrx_word' id='word_1_110' title='bbox 693 1054 878 1106; x_wconf 62' lang='lat' dir='ltr'>aufius.</span> 
     </span>
    </p>

    <p class='ocr_par' dir='ltr' id='par_1_4' title="bbox 149 1128 2054 1925">
     <span class='ocr_line' id='line_1_15' title="bbox 321 1128 2054 1198; baseline 0.007 -18"><span class='ocrx_word' id='word_1_111' title='bbox 321 1128 520 1180; x_wconf 87' lang='lat' dir='ltr'>Deinde</span> <span class='ocrx_word' id='word_1_112' title='bbox 543 1129 573 1179; x_wconf 84' lang='lat' dir='ltr'>fi</span> <span class='ocrx_word' id='word_1_113' title='bbox 598 1145 767 1198; x_wconf 87' lang='lat' dir='ltr'>regem</span> <span class='ocrx_word' id='word_1_114' title='bbox 799 1128 1163 1180; x_wconf 88' lang='lat' dir='ltr'>tantummodo</span> <span class='ocrx_word' id='word_1_115' title='bbox 1185 1129 1429 1198; x_wconf 80' lang='lat' dir='ltr'>quosdam,</span> <span class='ocrx_word' id='word_1_116' title='bbox 1453 1132 1499 1182; x_wconf 87' lang='lat'>&amp;</span> <span class='ocrx_word' id='word_1_117' title='bbox 1524 1148 1631 1184; x_wconf 88' lang='lat' dir='ltr'>non</span> <span class='ocrx_word' id='word_1_118' title='bbox 1653 1152 1812 1188; x_wconf 86' lang='lat' dir='ltr'>omnes</span> <span class='ocrx_word' id='word_1_119' title='bbox 1833 1135 2054 1194; x_wconf 87' lang='lat' dir='ltr'>subditos</span> 
     </span>
     <span class='ocr_line' id='line_1_16' title="bbox 168 1199 2052 1279; baseline 0.005 -26"><span class='ocrx_word' id='word_1_120' title='bbox 168 1199 402 1270; x_wconf 76' lang='lat' dir='ltr'>obligasse</span> <span class='ocrx_word' id='word_1_121' title='bbox 428 1221 601 1271; x_wconf 80' lang='lat' dir='ltr'>ponaS,</span> <span class='ocrx_word' id='word_1_122' title='bbox 623 1204 745 1272; x_wconf 91' lang='lat' dir='ltr'>quid</span> <span class='ocrx_word' id='word_1_123' title='bbox 768 1204 906 1272; x_wconf 86' lang='lat' dir='ltr'>Reip.</span> <span class='ocrx_word' id='word_1_124' title='bbox 930 1203 1172 1254; x_wconf 86' lang='lat' dir='ltr'>Foederati</span> <span class='ocrx_word' id='word_1_125' title='bbox 1195 1205 1347 1274; x_wconf 88' lang='lat' dir='ltr'>Belgii</span> <span class='ocrx_word' id='word_1_126' title='bbox 1374 1202 1640 1274; x_wconf 80' lang='lat' dir='ltr'>prodeffet,</span> <span class='ocrx_word' id='word_1_127' title='bbox 1661 1223 1746 1260; x_wconf 90' lang='lat' dir='ltr'>aut</span> <span class='ocrx_word' id='word_1_128' title='bbox 1779 1215 2052 1279; x_wconf 86' lang='lat' dir='ltr'>quomodo</span> 
     </span>
     <span class='ocr_line' id='line_1_17' title="bbox 165 1275 2051 1355; baseline 0.007 -28"><span class='ocrx_word' id='word_1_129' title='bbox 165 1275 321 1328; x_wconf 88' lang='lat' dir='ltr'>sensui</span> <span class='ocrx_word' id='word_1_130' title='bbox 347 1275 543 1329; x_wconf 87' lang='lat' dir='ltr'>foederis</span> <span class='ocrx_word' id='word_1_131' title='bbox 566 1277 838 1342; x_wconf 85' lang='lat' dir='ltr'>satisfieret,</span> <span class='ocrx_word' id='word_1_132' title='bbox 861 1276 895 1328; x_wconf 84' lang='lat' dir='ltr'>fi</span> <span class='ocrx_word' id='word_1_133' title='bbox 916 1280 1017 1329; x_wconf 83' lang='lat' dir='ltr'>Rex</span> <span class='ocrx_word' id='word_1_134' title='bbox 1039 1277 1177 1329; x_wconf 88' lang='lat' dir='ltr'>verbi</span> <span class='ocrx_word' id='word_1_135' title='bbox 1197 1280 1369 1347; x_wconf 88' lang='lat' dir='ltr'>gratia,</span> <span class='ocrx_word' id='word_1_136' title='bbox 1391 1296 1479 1349; x_wconf 88' lang='lat' dir='ltr'>per</span> <span class='ocrx_word' id='word_1_137' title='bbox 1497 1285 2051 1355; x_wconf 67' lang='lat' dir='ltr'>Arragonensbs,quibus</span> 
     </span>
     <span class='ocr_line' id='line_1_18' title="bbox 163 1350 2051 1430; baseline 0.007 -28"><span class='ocrx_word' id='word_1_138' title='bbox 163 1355 238 1419; x_wconf 86' lang='lat' dir='ltr'>jus</span> <span class='ocrx_word' id='word_1_139' title='bbox 263 1352 560 1403; x_wconf 87' lang='lat' dir='ltr'>commercii</span> <span class='ocrx_word' id='word_1_140' title='bbox 581 1351 644 1403; x_wconf 87' lang='lat' dir='ltr'>ad</span> <span class='ocrx_word' id='word_1_141' title='bbox 664 1350 826 1404; x_wconf 88' lang='lat' dir='ltr'>Indias</span> <span class='ocrx_word' id='word_1_142' title='bbox 847 1366 955 1404; x_wconf 91' lang='lat' dir='ltr'>non</span> <span class='ocrx_word' id='word_1_143' title='bbox 979 1352 1319 1420; x_wconf 89' lang='lat' dir='ltr'>competebat,</span> <span class='ocrx_word' id='word_1_144' title='bbox 1340 1368 1426 1405; x_wconf 79' lang='lat' dir='ltr'>aut</span> <span class='ocrx_word' id='word_1_145' title='bbox 1459 1371 1545 1424; x_wconf 88' lang='lat' dir='ltr'>per</span> <span class='ocrx_word' id='word_1_146' title='bbox 1567 1357 1850 1426; x_wconf 82' lang='lat' dir='ltr'>Brabantos,</span> <span class='ocrx_word' id='word_1_147' title='bbox 1868 1362 2051 1430; x_wconf 89' lang='lat' dir='ltr'>quibus</span> 
     </span>
     <span class='ocr_line' id='line_1_19' title="bbox 162 1424 2053 1501; baseline 0.003 -25"><span class='ocrx_word' id='word_1_148' title='bbox 162 1426 217 1477; x_wconf 89' lang='lat' dir='ltr'>id</span> <span class='ocrx_word' id='word_1_149' title='bbox 245 1426 497 1495; x_wconf 84' lang='lat' dir='ltr'>speciatim</span> <span class='ocrx_word' id='word_1_150' title='bbox 521 1440 626 1477; x_wconf 82' lang='lat' dir='ltr'>erat</span> <span class='ocrx_word' id='word_1_151' title='bbox 645 1426 996 1491; x_wconf 64' lang='lat' dir='ltr'>interdictum,</span> <span class='ocrx_word' id='word_1_152' title='bbox 1011 1424 1198 1478; x_wconf 89' lang='lat' dir='ltr'>faceret</span> <span class='ocrx_word' id='word_1_153' title='bbox 1219 1426 1287 1491; x_wconf 90' lang='lat' dir='ltr'>id,</span> <span class='ocrx_word' id='word_1_154' title='bbox 1310 1429 1450 1495; x_wconf 86' lang='lat' dir='ltr'>quod</span> <span class='ocrx_word' id='word_1_155' title='bbox 1473 1446 1560 1498; x_wconf 91' lang='lat' dir='ltr'>per</span> <span class='ocrx_word' id='word_1_156' title='bbox 1580 1432 1814 1501; x_wconf 79' lang='lat' dir='ltr'>Hispanos</span> <span class='ocrx_word' id='word_1_157' title='bbox 1845 1450 1931 1487; x_wconf 84' lang='lat' dir='ltr'>aut</span> <span class='ocrx_word' id='word_1_158' title='bbox 1959 1443 2053 1490; x_wconf 75' lang='lat' dir='ltr'>ca.</span> 
     </span>
     <span class='ocr_line' id='line_1_20' title="bbox 151 1499 2050 1579; baseline 0.006 -27"><span class='ocrx_word' id='word_1_159' title='bbox 151 1500 396 1566; x_wconf 67' lang='lat' dir='ltr'>stedanos,</span> <span class='ocrx_word' id='word_1_160' title='bbox 417 1499 577 1552; x_wconf 87' lang='lat' dir='ltr'>facere</span> <span class='ocrx_word' id='word_1_161' title='bbox 600 1517 706 1552; x_wconf 90' lang='lat' dir='ltr'>non</span> <span class='ocrx_word' id='word_1_162' title='bbox 731 1499 905 1552; x_wconf 87' lang='lat' dir='ltr'>liceret</span> <span class='ocrx_word' id='word_1_163' title='bbox 927 1502 947 1551; x_wconf 73' lang='lat'><em>2</em></span> <span class='ocrx_word' id='word_1_164' title='bbox 989 1514 1076 1553; x_wconf 92' lang='lat' dir='ltr'>aut</span> <span class='ocrx_word' id='word_1_165' title='bbox 1105 1500 1229 1569; x_wconf 88' lang='lat' dir='ltr'>quid</span> <span class='ocrx_word' id='word_1_166' title='bbox 1255 1505 1444 1570; x_wconf 85' lang='lat' dir='ltr'>Regem</span> <span class='ocrx_word' id='word_1_167' title='bbox 1468 1503 1817 1574; x_wconf 88' lang='lat' dir='ltr'>Hispaniarum</span> <span class='ocrx_word' id='word_1_168' title='bbox 1839 1513 2050 1579; x_wconf 86' lang='lat' dir='ltr'>juvaret,</span> 
     </span>
     <span class='ocr_line' id='line_1_21' title="bbox 165 1574 2049 1654; baseline 0.006 -28"><span class='ocrx_word' id='word_1_169' title='bbox 165 1574 196 1626; x_wconf 81' lang='lat' dir='ltr'>fi</span> <span class='ocrx_word' id='word_1_170' title='bbox 220 1579 284 1627; x_wconf 91' lang='lat' dir='ltr'>D.</span> <span class='ocrx_word' id='word_1_171' title='bbox 311 1579 372 1627; x_wconf 91' lang='lat' dir='ltr'>D.</span> <span class='ocrx_word' id='word_1_172' title='bbox 396 1575 615 1627; x_wconf 87' lang='lat' dir='ltr'>Ordines</span> <span class='ocrx_word' id='word_1_173' title='bbox 638 1575 880 1631; x_wconf 83' lang='lat' dir='ltr'>Foederati</span> <span class='ocrx_word' id='word_1_174' title='bbox 904 1575 1077 1644; x_wconf 87' lang='lat' dir='ltr'>Belgii‚</span> <span class='ocrx_word' id='word_1_175' title='bbox 1101 1592 1189 1645; x_wconf 87' lang='lat' dir='ltr'>per</span> <span class='ocrx_word' id='word_1_176' title='bbox 1210 1592 1296 1628; x_wconf 89' lang='lat' dir='ltr'>eos</span> <span class='ocrx_word' id='word_1_177' title='bbox 1319 1577 1558 1643; x_wconf 79' lang='lat' dir='ltr'>subditos,</span> <span class='ocrx_word' id='word_1_178' title='bbox 1579 1581 1668 1649; x_wconf 91' lang='lat' dir='ltr'>qui</span> <span class='ocrx_word' id='word_1_179' title='bbox 1698 1597 1830 1635; x_wconf 85' lang='lat' dir='ltr'>extra</span> <span class='ocrx_word' id='word_1_180' title='bbox 1863 1583 2049 1654; x_wconf 87' lang='lat' dir='ltr'>septem</span> 
     </span>
     <span class='ocr_line' id='line_1_22' title="bbox 165 1650 2051 1727; baseline 0.006 -26"><span class='ocrx_word' id='word_1_181' title='bbox 165 1650 450 1701; x_wconf 84' lang='lat' dir='ltr'>Provincias</span> <span class='ocrx_word' id='word_1_182' title='bbox 471 1650 720 1714; x_wconf 89' lang='lat' dir='ltr'>habitant,</span> <span class='ocrx_word' id='word_1_183' title='bbox 751 1650 797 1701; x_wconf 88' lang='lat'>&amp;</span> <span class='ocrx_word' id='word_1_184' title='bbox 819 1664 1009 1720; x_wconf 86' lang='lat' dir='ltr'>partem</span> <span class='ocrx_word' id='word_1_185' title='bbox 1034 1650 1237 1701; x_wconf 90' lang='lat' dir='ltr'>illarum</span> <span class='ocrx_word' id='word_1_186' title='bbox 1259 1667 1366 1702; x_wconf 91' lang='lat' dir='ltr'>non</span> <span class='ocrx_word' id='word_1_187' title='bbox 1397 1650 1607 1719; x_wconf 86' lang='lat' dir='ltr'>faciunt,</span> <span class='ocrx_word' id='word_1_188' title='bbox 1648 1657 1827 1727; x_wconf 89' lang='lat' dir='ltr'>(vulgo</span> <span class='ocrx_word' id='word_1_189' title='bbox 1849 1658 1931 1711; x_wconf 87' lang='lat' dir='ltr'>bet</span> <span class='ocrx_word' id='word_1_190' title='bbox 1962 1667 2051 1714; x_wconf 86' lang='lat' dir='ltr'>Di-</span> 
     </span>
     <span class='ocr_line' id='line_1_23' title="bbox 149 1723 2048 1800; baseline 0.007 -26"><span class='ocrx_word' id='word_1_191' title='bbox 149 1723 295 1791; x_wconf 71' lang='grc' dir='ltr'>βνὲἑῖ</span> <span class='ocrx_word' id='word_1_192' title='bbox 323 1736 420 1776; x_wconf 65' lang='lat' dir='ltr'>van</span> <span class='ocrx_word' id='word_1_193' title='bbox 457 1723 517 1776; x_wconf 86' lang='lat' dir='ltr'>de</span> <span class='ocrx_word' id='word_1_194' title='bbox 547 1725 878 1787; x_wconf 83' lang='lat' dir='ltr'>Generaliteit)</span> <span class='ocrx_word' id='word_1_195' title='bbox 919 1724 971 1776; x_wconf 84' lang='lat' dir='ltr'>id</span> <span class='ocrx_word' id='word_1_196' title='bbox 1010 1723 1118 1775; x_wconf 85' lang='lat' dir='ltr'>fieri</span> <span class='ocrx_word' id='word_1_197' title='bbox 1147 1723 1321 1788; x_wconf 81' lang='lat' dir='ltr'>sinant,</span> <span class='ocrx_word' id='word_1_198' title='bbox 1349 1726 1509 1795; x_wconf 86' lang='lat' dir='ltr'>quod,</span> <span class='ocrx_word' id='word_1_199' title='bbox 1540 1728 1760 1800; x_wconf 52' lang='lat' dir='ltr'>respectu</span> <span class='ocrx_word' id='word_1_200' title='bbox 1791 1733 2048 1789; x_wconf 87' lang='lat' dir='ltr'>Indiarum</span> 
     </span>
     <span class='ocr_line' id='line_1_24' title="bbox 161 1797 2048 1878; baseline 0.007 -28"><span class='ocrx_word' id='word_1_201' title='bbox 161 1797 560 1869; x_wconf 87' lang='lat' dir='ltr'>Hispanicarum‚</span> <span class='ocrx_word' id='word_1_202' title='bbox 582 1798 757 1850; x_wconf 83' lang='lat' dir='ltr'>incolae</span> <span class='ocrx_word' id='word_1_203' title='bbox 779 1802 979 1869; x_wconf 87' lang='lat' dir='ltr'>Septem</span> <span class='ocrx_word' id='word_1_204' title='bbox 1002 1799 1270 1852; x_wconf 79' lang='lat' dir='ltr'>unitarum</span> <span class='ocrx_word' id='word_1_205' title='bbox 1294 1802 1672 1856; x_wconf 77' lang='lat' dir='ltr'>Provincia&#39;rum</span> <span class='ocrx_word' id='word_1_206' title='bbox 1696 1804 1859 1859; x_wconf 88' lang='lat' dir='ltr'>facere</span> <span class='ocrx_word' id='word_1_207' title='bbox 1878 1812 2048 1878; x_wconf 87' lang='lat' dir='ltr'>prohi-</span> 
     </span>
     <span class='ocr_line' id='line_1_25' title="bbox 158 1871 433 1925; baseline -0.004 -1"><span class='ocrx_word' id='word_1_208' title='bbox 158 1872 248 1925; x_wconf 87' lang='lat' dir='ltr'>biti</span> <span class='ocrx_word' id='word_1_209' title='bbox 284 1871 433 1924; x_wconf 76' lang='lat' dir='ltr'>sunt?</span> 
     </span>
    </p>

    <p class='ocr_par' dir='ltr' id='par_1_5' title="bbox 144 1947 2046 2771">
     <span class='ocr_line' id='line_1_26' title="bbox 313 1947 2045 2023; baseline 0.007 -23"><span class='ocrx_word' id='word_1_210' title='bbox 313 1948 466 2000; x_wconf 67' lang='lat' dir='ltr'>Adtus</span> <span class='ocrx_word' id='word_1_211' title='bbox 489 1947 748 2017; x_wconf 89' lang='lat' dir='ltr'>agentium</span> <span class='ocrx_word' id='word_1_212' title='bbox 770 1948 927 2018; x_wconf 89' lang='lat' dir='ltr'>magis</span> <span class='ocrx_word' id='word_1_213' title='bbox 953 1948 1313 2015; x_wconf 90' lang='lat' dir='ltr'>interpretandi</span> <span class='ocrx_word' id='word_1_214' title='bbox 1337 1947 1450 2000; x_wconf 89' lang='lat' dir='ltr'>sunt</span> <span class='ocrx_word' id='word_1_215' title='bbox 1473 1963 1528 2001; x_wconf 93' lang='lat' dir='ltr'>ut</span> <span class='ocrx_word' id='word_1_216' title='bbox 1550 1951 1767 2018; x_wconf 89' lang='lat' dir='ltr'>valeant,</span> <span class='ocrx_word' id='word_1_217' title='bbox 1799 1972 1953 2023; x_wconf 90' lang='lat' dir='ltr'>quam</span> <span class='ocrx_word' id='word_1_218' title='bbox 1989 1973 2045 2011; x_wconf 94' lang='lat' dir='ltr'>ut</span> 
     </span>
     <span class='ocr_line' id='line_1_27' title="bbox 160 2022 2044 2095; baseline 0.006 -21"><span class='ocrx_word' id='word_1_219' title='bbox 160 2037 364 2092; x_wconf 85' lang='lat' dir='ltr'>pereant</span> <span class='ocrx_word' id='word_1_220' title='bbox 388 2041 400 2075; x_wconf 89' lang='lat'><strong>:</strong></span> <span class='ocrx_word' id='word_1_221' title='bbox 442 2024 489 2074; x_wconf 89' lang='lat'>&amp;</span> <span class='ocrx_word' id='word_1_222' title='bbox 512 2023 543 2073; x_wconf 82' lang='lat' dir='ltr'>fi</span> <span class='ocrx_word' id='word_1_223' title='bbox 569 2023 691 2090; x_wconf 90' lang='lat' dir='ltr'>quid</span> <span class='ocrx_word' id='word_1_224' title='bbox 712 2023 819 2074; x_wconf 87' lang='lat' dir='ltr'>casu</span> <span class='ocrx_word' id='word_1_225' title='bbox 845 2025 1010 2074; x_wconf 87' lang='lat' dir='ltr'>minus</span> <span class='ocrx_word' id='word_1_226' title='bbox 1038 2022 1265 2075; x_wconf 69' lang='lat' dir='ltr'>distin&amp;e</span> <span class='ocrx_word' id='word_1_227' title='bbox 1287 2024 1478 2076; x_wconf 59' lang='lat' dir='ltr'>dietum</span> <span class='ocrx_word' id='word_1_228' title='bbox 1500 2027 1790 2095; x_wconf 86' lang='lat' dir='ltr'>reperiatur,</span> <span class='ocrx_word' id='word_1_229' title='bbox 1811 2031 1862 2081; x_wconf 91' lang='lat' dir='ltr'>in</span> <span class='ocrx_word' id='word_1_230' title='bbox 1885 2032 2044 2087; x_wconf 89' lang='lat' dir='ltr'>dubio</span> 
     </span>
     <span class='ocr_line' id='line_1_28' title="bbox 159 2095 2043 2168; baseline 0.007 -21"><span class='ocrx_word' id='word_1_231' title='bbox 159 2097 210 2147; x_wconf 88' lang='lat' dir='ltr'>id</span> <span class='ocrx_word' id='word_1_232' title='bbox 234 2095 596 2167; x_wconf 83' lang='lat' dir='ltr'>inspiciendum</span> <span class='ocrx_word' id='word_1_233' title='bbox 628 2096 716 2162; x_wconf 86' lang='lat' dir='ltr'>est,</span> <span class='ocrx_word' id='word_1_234' title='bbox 750 2097 890 2165; x_wconf 90' lang='lat' dir='ltr'>quod</span> <span class='ocrx_word' id='word_1_235' title='bbox 923 2098 1259 2149; x_wconf 81' lang='lat' dir='ltr'>verosimilius</span> <span class='ocrx_word' id='word_1_236' title='bbox 1290 2097 1376 2162; x_wconf 88' lang='lat' dir='ltr'>est,</span> <span class='ocrx_word' id='word_1_237' title='bbox 1411 2099 1552 2167; x_wconf 92' lang='lat' dir='ltr'>quod</span> <span class='ocrx_word' id='word_1_238' title='bbox 1582 2102 1707 2152; x_wconf 93' lang='lat' dir='ltr'>vitio</span> <span class='ocrx_word' id='word_1_239' title='bbox 1730 2120 1879 2168; x_wconf 88' lang='lat' dir='ltr'>caret,</span> <span class='ocrx_word' id='word_1_240' title='bbox 1901 2109 1949 2159; x_wconf 87' lang='lat'>&amp;</span> <span class='ocrx_word' id='word_1_241' title='bbox 1972 2111 2043 2160; x_wconf 90' lang='lat' dir='ltr'>rei</span> 
     </span>
     <span class='ocr_line' id='line_1_29' title="bbox 157 2169 2042 2242; baseline 0.006 -19"><span class='ocrx_word' id='word_1_242' title='bbox 157 2172 386 2242; x_wconf 84' lang='lat' dir='ltr'>gerendae</span> <span class='ocrx_word' id='word_1_243' title='bbox 409 2172 569 2241; x_wconf 91' lang='lat' dir='ltr'>aptius</span> <span class='ocrx_word' id='word_1_244' title='bbox 592 2171 659 2223; x_wconf 90' lang='lat' dir='ltr'>est</span> <span class='ocrx_word' id='word_1_245' title='bbox 678 2180 730 2222; x_wconf 92' lang='lat' dir='ltr'>L.</span> <span class='ocrx_word' id='word_1_246' title='bbox 755 2189 817 2231; x_wconf 77' lang='lat'>19.</span> <span class='ocrx_word' id='word_1_247' title='bbox 832 2171 894 2242; x_wconf 84' lang='lat' dir='ltr'><em>ffi</em></span> <span class='ocrx_word' id='word_1_248' title='bbox 913 2170 971 2222; x_wconf 85' lang='lat' dir='ltr'>de</span> <span class='ocrx_word' id='word_1_249' title='bbox 992 2179 1088 2224; x_wconf 89' lang='lat' dir='ltr'>LL.</span> <span class='ocrx_word' id='word_1_250' title='bbox 1112 2180 1166 2223; x_wconf 90' lang='lat' dir='ltr'>L.</span> <span class='ocrx_word' id='word_1_251' title='bbox 1188 2169 1248 2227; x_wconf 66' lang='lat'>{5</span> <span class='ocrx_word' id='word_1_252' title='bbox 1267 2180 1320 2224; x_wconf 89' lang='lat' dir='ltr'>L.</span> <span class='ocrx_word' id='word_1_253' title='bbox 1342 2188 1407 2225; x_wconf 82' lang='lat'>12.</span> <span class='ocrx_word' id='word_1_254' title='bbox 1427 2173 1487 2225; x_wconf 86' lang='lat' dir='ltr'>de</span> <span class='ocrx_word' id='word_1_255' title='bbox 1504 2174 1663 2226; x_wconf 85' lang='lat' dir='ltr'>Rebus</span> <span class='ocrx_word' id='word_1_256' title='bbox 1681 2175 1847 2230; x_wconf 53' lang='lat' dir='ltr'>dubita.</span> <span class='ocrx_word' id='word_1_257' title='bbox 1873 2188 1926 2232; x_wconf 88' lang='lat' dir='ltr'>L.</span> <span class='ocrx_word' id='word_1_258' title='bbox 1947 2198 2042 2240; x_wconf 89' lang='lat'><strong><em>114.</em></strong></span> 
     </span>
     <span class='ocr_line' id='line_1_30' title="bbox 158 2245 2043 2324; baseline 0.001 -26"><span class='ocrx_word' id='word_1_259' title='bbox 158 2249 218 2298; x_wconf 85' lang='lat' dir='ltr'>de</span> <span class='ocrx_word' id='word_1_260' title='bbox 243 2254 294 2297; x_wconf 85' lang='lat' dir='ltr'>R.</span> <span class='ocrx_word' id='word_1_261' title='bbox 314 2255 365 2319; x_wconf 79' lang='lat' dir='ltr'>J.</span> <span class='ocrx_word' id='word_1_262' title='bbox 388 2255 446 2297; x_wconf 84' lang='lat' dir='ltr'>In</span> <span class='ocrx_word' id='word_1_263' title='bbox 451 2245 558 2315; x_wconf 84' lang='lat' dir='ltr'>fide</span> <span class='ocrx_word' id='word_1_264' title='bbox 578 2247 697 2316; x_wconf 83' lang='lat' dir='ltr'>quid</span> <span class='ocrx_word' id='word_1_265' title='bbox 706 2247 928 2315; x_wconf 76' lang='lat' dir='ltr'>senſsris,</span> <span class='ocrx_word' id='word_1_266' title='bbox 950 2265 1043 2298; x_wconf 88' lang='lat' dir='ltr'>non</span> <span class='ocrx_word' id='word_1_267' title='bbox 1064 2247 1183 2317; x_wconf 86' lang='lat' dir='ltr'>quid</span> <span class='ocrx_word' id='word_1_268' title='bbox 1209 2246 1403 2312; x_wconf 69' lang='lat' dir='ltr'>dixeris,</span> <span class='ocrx_word' id='word_1_269' title='bbox 1434 2248 1750 2320; x_wconf 84' lang='lat' dir='ltr'>cogitandum,</span> <span class='ocrx_word' id='word_1_270' title='bbox 1779 2258 1936 2324; x_wconf 78' lang='lat' dir='ltr'>inquit</span> <span class='ocrx_word' id='word_1_271' title='bbox 1964 2263 2043 2309; x_wconf 75' lang='lat' dir='ltr'>ci.</span> 
     </span>
     <span class='ocr_line' id='line_1_31' title="bbox 159 2321 2042 2398; baseline 0.002 -26"><span class='ocrx_word' id='word_1_272' title='bbox 159 2339 260 2372; x_wconf 85' lang='lat' dir='ltr'>cero</span> <span class='ocrx_word' id='word_1_273' title='bbox 279 2338 298 2371; x_wconf 93' lang='lat'>.·</span> <span class='ocrx_word' id='word_1_274' title='bbox 322 2321 418 2388; x_wconf 72' lang='lat' dir='ltr'>fid</span> <span class='ocrx_word' id='word_1_275' title='bbox 445 2328 559 2391; x_wconf 79' lang='lat' dir='ltr'>quia</span> <span class='ocrx_word' id='word_1_276' title='bbox 589 2327 772 2372; x_wconf 68' lang='lat' dir='ltr'>interni</span> <span class='ocrx_word' id='word_1_277' title='bbox 801 2323 936 2373; x_wconf 52' lang='lat' dir='ltr'>astus</span> <span class='ocrx_word' id='word_1_278' title='bbox 953 2321 1243 2390; x_wconf 63' lang='lat' dir='ltr'>spellabiles</span> <span class='ocrx_word' id='word_1_279' title='bbox 1270 2322 1507 2391; x_wconf 70' lang='lat' dir='ltr'><em>nonfi&#39;tnt‚</em></span> <span class='ocrx_word' id='word_1_280' title='bbox 1531 2322 1590 2378; x_wconf 73' lang='lat'>65</span> <span class='ocrx_word' id='word_1_281' title='bbox 1609 2330 1726 2377; x_wconf 84' lang='lat' dir='ltr'>certi</span> <span class='ocrx_word' id='word_1_282' title='bbox 1749 2330 1938 2398; x_wconf 79' lang='lat' dir='ltr'>aliquid</span> <span class='ocrx_word' id='word_1_283' title='bbox 1947 2333 2042 2396; x_wconf 79' lang='lat' dir='ltr'>sta.</span> 
     </span>
     <span class='ocr_line' id='line_1_32' title="bbox 158 2394 2044 2477; baseline 0.006 -32"><span class='ocrx_word' id='word_1_284' title='bbox 158 2394 390 2446; x_wconf 83' lang='lat' dir='ltr'>tuendum</span> <span class='ocrx_word' id='word_1_285' title='bbox 409 2397 490 2464; x_wconf 81' lang='lat' dir='ltr'>est,</span> <span class='ocrx_word' id='word_1_286' title='bbox 511 2414 570 2447; x_wconf 88' lang='lat' dir='ltr'>ne</span> <span class='ocrx_word' id='word_1_287' title='bbox 596 2398 724 2447; x_wconf 70' lang='lat' dir='ltr'>nuda</span> <span class='ocrx_word' id='word_1_288' title='bbox 733 2396 801 2463; x_wconf 81' lang='lat' dir='ltr'>fit</span> <span class='ocrx_word' id='word_1_289' title='bbox 822 2396 1054 2468; x_wconf 84' lang='lat' dir='ltr'>obligatio,</span> <span class='ocrx_word' id='word_1_290' title='bbox 1062 2397 1118 2466; x_wconf 85' lang='lat' dir='ltr'><em>fi</em></span> <span class='ocrx_word' id='word_1_291' title='bbox 1131 2402 1324 2467; x_wconf 73' lang='lat' dir='ltr'>quisque</span> <span class='ocrx_word' id='word_1_292' title='bbox 1339 2396 1529 2466; x_wconf 55' lang='lat' dir='ltr'>sensiam</span> <span class='ocrx_word' id='word_1_293' title='bbox 1547 2417 1686 2469; x_wconf 85' lang='lat' dir='ltr'>quem</span> <span class='ocrx_word' id='word_1_294' title='bbox 1706 2405 1948 2472; x_wconf 70' lang='lat' dir='ltr'>vedetfibi</span> <span class='ocrx_word' id='word_1_295' title='bbox 1965 2406 2044 2477; x_wconf 86' lang='lat' dir='ltr'>af-</span> 
     </span>
     <span class='ocr_line' id='line_1_33' title="bbox 144 2469 2045 2544; baseline 0.007 -24"><span class='ocrx_word' id='word_1_296' title='bbox 144 2469 390 2541; x_wconf 84' lang='lat' dir='ltr'>fingendo,</span> <span class='ocrx_word' id='word_1_297' title='bbox 411 2470 610 2522; x_wconf 80' lang='lat' dir='ltr'>liberare</span> <span class='ocrx_word' id='word_1_298' title='bbox 628 2473 685 2537; x_wconf 70' lang='lat' dir='ltr'><em>ft</em></span> <span class='ocrx_word' id='word_1_299' title='bbox 702 2471 861 2540; x_wconf 82' lang='lat' dir='ltr'>pofflt,</span> <span class='ocrx_word' id='word_1_300' title='bbox 883 2471 983 2539; x_wconf 73' lang='lat' dir='ltr'>ipstz</span> <span class='ocrx_word' id='word_1_301' title='bbox 1003 2471 1221 2523; x_wconf 55' lang='lat' dir='ltr'>distante</span> <span class='ocrx_word' id='word_1_302' title='bbox 1245 2477 1458 2524; x_wconf 82' lang='lat' dir='ltr'>naturali</span> <span class='ocrx_word' id='word_1_303' title='bbox 1477 2482 1679 2538; x_wconf 83' lang='lat' dir='ltr'>ratione,</span> <span class='ocrx_word' id='word_1_304' title='bbox 1685 2479 1777 2542; x_wconf 82' lang='lat' dir='ltr'>jus</span> <span class='ocrx_word' id='word_1_305' title='bbox 1798 2480 1865 2542; x_wconf 80' lang='lat' dir='ltr'>est</span> <span class='ocrx_word' id='word_1_306' title='bbox 1886 2486 1948 2544; x_wconf 84' lang='lat' dir='ltr'>ei,</span> <span class='ocrx_word' id='word_1_307' title='bbox 1970 2485 2045 2533; x_wconf 84' lang='lat' dir='ltr'>cui</span> 
     </span>
     <span class='ocr_line' id='line_1_34' title="bbox 157 2544 2045 2621; baseline 0.007 -27"><span class='ocrx_word' id='word_1_308' title='bbox 157 2544 276 2616; x_wconf 83' lang='lat' dir='ltr'>quid</span> <span class='ocrx_word' id='word_1_309' title='bbox 288 2544 558 2613; x_wconf 73' lang='lat' dir='ltr'>promfflm</span> <span class='ocrx_word' id='word_1_310' title='bbox 580 2545 664 2611; x_wconf 80' lang='lat' dir='ltr'>est,</span> <span class='ocrx_word' id='word_1_311' title='bbox 686 2546 1005 2616; x_wconf 72' lang='lat' dir='ltr'>promzfflnem</span> <span class='ocrx_word' id='word_1_312' title='bbox 1025 2565 1182 2617; x_wconf 79' lang='lat' dir='ltr'>cogere</span> <span class='ocrx_word' id='word_1_313' title='bbox 1210 2547 1280 2597; x_wconf 85' lang='lat' dir='ltr'>ad</span> <span class='ocrx_word' id='word_1_314' title='bbox 1306 2546 1375 2609; x_wconf 81' lang='lat' dir='ltr'>id,</span> <span class='ocrx_word' id='word_1_315' title='bbox 1403 2546 1531 2617; x_wconf 87' lang='lat' dir='ltr'><em>quod</em></span> <span class='ocrx_word' id='word_1_316' title='bbox 1555 2551 1691 2601; x_wconf 64' lang='lat' dir='ltr'>rebla</span> <span class='ocrx_word' id='word_1_317' title='bbox 1712 2556 2045 2621; x_wconf 82' lang='lat' dir='ltr'>interpretatio</span> 
     </span>
     <span class='ocr_line' id='line_1_35' title="bbox 145 2620 2046 2702; baseline 0.008 -34"><span class='ocrx_word' id='word_1_318' title='bbox 145 2620 379 2690; x_wconf 71' lang='lat' dir='ltr'>sieggerit,</span> <span class='ocrx_word' id='word_1_319' title='bbox 399 2622 514 2670; x_wconf 77' lang='lat' dir='ltr'>nam</span> <span class='ocrx_word' id='word_1_320' title='bbox 546 2622 757 2690; x_wconf 75' lang='lat' dir='ltr'>alioquin</span> <span class='ocrx_word' id='word_1_321' title='bbox 787 2641 863 2671; x_wconf 87' lang='lat' dir='ltr'>res</span> <span class='ocrx_word' id='word_1_322' title='bbox 885 2629 1067 2671; x_wconf 82' lang='lat' dir='ltr'>exitum</span> <span class='ocrx_word' id='word_1_323' title='bbox 1093 2639 1188 2672; x_wconf 86' lang='lat' dir='ltr'>non</span> <span class='ocrx_word' id='word_1_324' title='bbox 1207 2627 1456 2688; x_wconf 78' lang='lat' dir='ltr'>reperiret,</span> <span class='ocrx_word' id='word_1_325' title='bbox 1475 2623 1603 2692; x_wconf 84' lang='lat' dir='ltr'><em>quod</em></span> <span class='ocrx_word' id='word_1_326' title='bbox 1626 2630 1678 2683; x_wconf 77' lang='lat' dir='ltr'>in</span> <span class='ocrx_word' id='word_1_327' title='bbox 1699 2628 1945 2681; x_wconf 74' lang='lat' dir='ltr'>moralibus</span> <span class='ocrx_word' id='word_1_328' title='bbox 1960 2645 2046 2702; x_wconf 87' lang='lat' dir='ltr'>pro</span> 
     </span>
     <span class='ocr_line' id='line_1_36' title="bbox 157 2692 1967 2771; baseline 0.003 -26"><span class='ocrx_word' id='word_1_329' title='bbox 157 2694 423 2765; x_wconf 77' lang='lat' dir='ltr'>imposfibili.</span> <span class='ocrx_word' id='word_1_330' title='bbox 442 2692 658 2747; x_wconf 82' lang='lat' dir='ltr'>babetur.</span> <span class='ocrx_word' id='word_1_331' title='bbox 697 2695 980 2752; x_wconf 51' lang='lat' dir='ltr'>Grotius-*de</span> <span class='ocrx_word' id='word_1_332' title='bbox 991 2703 1114 2769; x_wconf 83' lang='lat' dir='ltr'>Jure</span> <span class='ocrx_word' id='word_1_333' title='bbox 1126 2694 1311 2752; x_wconf 73' lang='lat' dir='ltr'>Redi&amp;</span> <span class='ocrx_word' id='word_1_334' title='bbox 1331 2697 1553 2754; x_wconf 62' lang='lat' dir='ltr'>Pacta-lib.</span> <span class='ocrx_word' id='word_1_335' title='bbox 1576 2705 1639 2751; x_wconf 88' lang='lat' dir='ltr'>II.</span> <span class='ocrx_word' id='word_1_336' title='bbox 1662 2714 1761 2771; x_wconf 88' lang='lat' dir='ltr'>cap.</span> <span class='ocrx_word' id='word_1_337' title='bbox 1782 2711 1846 2755; x_wconf 82' lang='lat'>16.</span> <span class='ocrx_word' id='word_1_338' title='bbox 1869 2703 1917 2771; x_wconf 83' lang='lat'>§.</span> <span class='ocrx_word' id='word_1_339' title='bbox 1932 2723 1967 2757; x_wconf 84' lang='lat'>1,</span> 
     </span>
    </p>

    <p class='ocr_par' dir='ltr' id='par_1_6' title="bbox 1103 2780 2048 2834">
     <span class='ocr_line' id='line_1_37' title="bbox 1103 2780 2048 2834; baseline -0.006 4"><span class='ocrx_word' id='word_1_340' title='bbox 1103 2786 1131 2822; x_wconf 69' lang='lat' dir='ltr'><strong>C</strong></span> <span class='ocrx_word' id='word_1_341' title='bbox 1172 2785 1197 2821; x_wconf 83' lang='lat'>2</span> <span class='ocrx_word' id='word_1_342' title='bbox 1905 2780 2048 2834; x_wconf 88' lang='lat' dir='ltr'>Con-</span> 
     </span>
    </p>
   </div>
  </div>
 </body>
</html>
