2258 3016
125 128 176 180 16
616 122 1154 175 DISSERTATIO
1208 123 1302 171 DE
1351 123 1534 185 JURE

130 251 261 303 tulus
285 268 296 300 :
334 250 586 297 Memoires
610 239 668 296 εἴ
685 234 1238 312 Negociations.ftcretes
1270 237 1330 288 de
1362 239 1410 289 la
1437 245 1559 290 Cour
1584 238 1643 290 de
1673 246 1870 306 France,
1908 252 2014 309 tou-h

131 326 273 377 cham
306 326 354 372 la
380 325 495 371 Paix
517 318 575 368 de
597 317 824 384 Munstcr.
906 321 1009 363 llne
1028 326 1168 363 autre
1192 313 1336 380 chose,
1361 313 1579 365 scribunt
1603 316 1786 385 Legati,
1807 321 1887 385 qui
1899 335 2013 369 nous

129 402 283 452 donne
304 398 335 448 d
353 393 536 466 pcnfir,
562 391 623 462 est
644 394 687 440 le
706 388 1028 441 relizcbemenc
1060 389 1145 437 des
1169 389 1525 460 Espagnolsfitr
1546 392 1591 440 le
1597 389 1707 457 falc
1738 390 1822 441 des
1853 391 2013 454 Indei‘,

133 480 212 547 qui
239 475 299 545 est
309 474 431 541 sans
454 472 591 518 doute
616 464 719 516 l'un
740 464 826 515 des
840 465 950 533 plus
973 463 1311 527 confiderables
1335 466 1540 533 Arttscles
1557 463 1618 514 de
1645 478 1745 515 tout
1764 466 1820 516 *le
1843 468 2015 530 T'raitl’,

133 570 195 603 ast
218 551 329 619 quel
344 550 414 597 les
435 542 719 602 Hollandois,
737 552 964 590 trouvent
985 557 1051 588 un
1073 552 1334 609 avantage,
1360 540 1495 609 qu't'ls
1515 541 1761 591 n’avoient
1785 556 1868 609 pu
1892 539 2018 612 espe-

135 629 203 688 νὲ,
230 622 286 678 65
309 625 388 691 qui
409 638 468 670 ne
491 622 595 668 leur
617 636 646 666 a
665 633 747 683 pas
770 616 843 664 ἑιὲ
864 611 1053 664 αεεονᾶἑ
1075 614 1193 679 fiam
1225 615 1423 683 quelque
1454 615 1609 685 motis
1623 615 2019 669 extraordinaire.

136 710 199 752 Le
226 705 306 750 Καὶ
327 697 373 747 d'
399 693 605 765 Espagne
630 690 815 757 conſsnt
836 689 896 739 de
919 707 978 739 ne
996 704 1197 755 poetvozr
1217 687 1502 757 blendrefi’s
1513 691 1691 741 limites
1713 689 1837 742 dans
1857 693 1926 742 les
1939 699 2020 744 In-

137 777 218 828 des
241 770 522 832 Ortentales,
548 764 606 822 ΕΞ
628 766 685 817 de
707 768 776 816 les
798 763 967 815 borner
986 764 1018 813 [ὲ
1041 783 1087 813 ce
1112 764 1232 832 qu’el
1253 778 1411 834 occupe
1425 763 1792 834 presentement.

953 838 1000 905 ς.
1081 843 1125 891 x
1141 842 1158 888 1
1174 843 1209 889 1.
1996 874 2003 878 .

294 919 388 972 Sed
413 919 481 968 uti
508 915 623 986 saepe
645 914 902 966 bonorum
927 913 1284 981 malorumque
1317 913 1440 964 fines
1467 912 1550 965 sub
1566 912 1754 966 diversa
1769 914 2021 986 specieap-

141 1011 328 1072 parent,
350 1010 496 1061 atque
520 1009 573 1041 ex
598 992 743 1040 bonis
769 990 917 1049 mala,
942 1006 998 1039 ex
1023 985 1540 1058 malisappa'rentibus
1571 990 1704 1040 bona
1719 987 2021 1057 sequuntur,

141 1079 207 1126 ita
227 1087 422 1140 tempus
446 1066 610 1137 postea
633 1065 821 1127 docuit,
843 1066 1043 1133 optimo
1069 1066 1115 1114 &
1138 1064 1521 1134 prudentislimo
1542 1063 1749 1115 consilio
1763 1065 1822 1117 ad
1845 1067 2025 1119 utrius-

143 1166 241 1218 que
277 1146 441 1216 partiS,
472 1145 518 1194 ὃς
550 1156 883 1191 communem
921 1141 1070 1189 Orbis
1104 1138 1370 1190 Christiani
1408 1139 1695 1205 utilitatem,
1725 1141 1791 1191 ita
1822 1141 2024 1210 padum

142 1234 558 1286 conventumque
583 1212 690 1266 effe.
775 1211 981 1265 Necesse
1014 1215 1151 1264 enim
1186 1213 1462 1278 videbatur,
1495 1229 1548 1265 ut
1580 1212 1790 1284 spatium
1822 1216 2028 1285 aliquod

144 1311 417 1371 poneretur
443 1292 669 1343 medium
694 1288 754 1340 ad
780 1288 1104 1356 separandum
1121 1289 1390 1340 Orientem
1405 1290 1464 1339 ab
1478 1289 1847 1357 Occidente,ad
1860 1309 2026 1344 exem-

144 1376 284 1446 plum
315 1368 452 1439 supra
475 1382 763 1417 memoratae
796 1363 1047 1414 divisionis
1079 1363 1332 1415 Pontificis
1363 1365 1593 1428 Maximi,
1630 1365 1716 1434 qui
1748 1382 1831 1430 en,
1859 1367 1912 1416 ni
1937 1365 2023 1418 fal-

134 1451 238 1512 -lor,
262 1449 446 1498 intuitu
470 1457 711 1493 terrarum
736 1437 912 1490 orbem
936 1439 1000 1489 ita
1027 1439 1256 1490 medium
1278 1437 1457 1503 divisit,
1491 1453 1641 1508 atque
1676 1439 1886 1492 alterum
1912 1460 2026 1511 pro·

144 1524 311 1580 hibuit
332 1519 532 1571 alterius
556 1517 648 1567 iter
676 1513 887 1584 ingredi,
910 1530 972 1565 ne
994 1515 1178 1565 Oriens
1201 1530 1317 1565 cum
1339 1513 1639 1578 Occidente,
1660 1515 1858 1566 ratione
1879 1515 2025 1568 comss

147 1598 485 1658 merciorum,
530 1591 747 1642 nimium
779 1591 1185 1656 conjungeretur.
1265 1592 1401 1639 Nam
1443 1587 1476 1640 fi
1505 1588 1733 1659 Hispanis
1771 1591 2024 1661 integrum

147 1666 390 1728 manfiss'et
421 1667 560 1734 supra
585 1664 999 1734 promontorium
1022 1672 1151 1714 Bonae
1174 1667 1279 1732 Spei
1301 1664 1566 1715 Orientem
1596 1663 1759 1716 versus
1783 1667 2031 1736 navigare,

148 1765 232 1805 aut
255 1748 314 1798 ab
340 1743 615 1796 Occidente
642 1738 780 1807 supra
804 1738 1105 1808 Philippinas
1126 1738 1305 1789 insulas
1328 1739 1513 1789 eodem
1547 1739 1750 1791 ulterius
1783 1739 1828 1790 se
1859 1757 2030 1795 exten-

149 1826 284 1887 dere,
310 1819 451 1872 facile
475 1818 629 1867 totius
652 1813 924 1865 Orientalis
946 1812 1094 1864 lndiae
1117 1814 1458 1865 commerciisv
1477 1815 1626 1882 potiri
1651 1809 1934 1883 potuissent,
1949 1835 2031 1870 ea-

151 1917 250 1971 que
288 1912 404 1946 curn
438 1888 846 1943 Occidentalibus
881 1887 1033 1939 lndiis
1064 1890 1482 1952 communicare,
1522 1907 1628 1957 quo
1663 1888 1793 1941 festo
1835 1894 2032 1960 penitus

151 1976 316 2028 aetum
351 1964 512 2019 fuisset
550 1966 611 2016 de
644 1964 982 2014 commerciis
1026 1966 1384 2033 Europaeorum
1428 1963 1489 2014 ad
1531 1964 1636 2015 illas
1680 1982 1787 2016 oras
1811 1983 1827 2027 3
1870 1966 2032 2036 quum

153 2044 422 2103 Orientalis
446 2040 584 2093 India
609 2039 843 2108 plurimas
870 2055 943 2088 res
975 2035 1272 2107 suppeditet,
1301 2037 1485 2106 quibus
1525 2039 1866 2092 Occidentalis
1900 2031 2034 2094 indi-

153 2138 234 2193 get
258 2141 272 2183 ·,
316 2122 363 2170 &
387 2118 495 2167 vice
520 2113 670 2176 versa,
696 2113 1031 2164 Occidentalis
1065 2127 1346 2181 argentum,
1379 2113 1577 2183 aliaque
1598 2112 1826 2183 pretiosa,
1849 2117 1955 2185 quat
1976 2118 2030 2170 in

156 2195 406 2252 Orientali
434 2191 572 2241 India
595 2189 810 2239 maxime
840 2202 1156 2255 appetuntur.

310 2265 693 2320 Constituerunt
729 2263 880 2329 igitur
913 2263 1001 2312 viri
1035 2262 1215 2312 summi
1258 2262 1305 2312 δε
1340 2259 1591 2331 sapientes,
1615 2261 1745 2313 illius
1776 2266 2034 2335 temporis,

155 2364 272 2402 curn
297 2347 347 2394 in
372 2342 543 2402 finem,
567 2338 866 2406 Philippinas
888 2333 1089 2400 insulas,
1110 2351 1351 2405 tanquam
1386 2338 1554 2388 obices
1576 2338 1623 2387 δε
1646 2341 2035 2409 propugnacula,

154 2426 215 2477 ad
252 2415 648 2490 praecludendam
683 2414 812 2462 viam
848 2411 908 2461 ab
941 2413 1154 2462 Oriente
1184 2411 1245 2462 ad
1277 2411 1609 2463 Occidentem
1634 2445 1650 2474 ,
1687 2414 1759 2464 uti
1794 2415 1855 2465 ab
1872 2415 2036 2470 ‘altera

156 2513 291 2570 parte
315 2491 559 2544 Moluccae
583 2486 740 2553 Belgis
766 2486 942 2537 relictae
964 2482 1093 2548 sunt,
1114 2503 1178 2536 ne
1203 2484 1405 2554 Hispani
1430 2487 1697 2538 Orientem
1724 2486 1905 2553 versus,
1936 2490 2035 2546 five
2057 2484 2073 2490 N

158 2566 605 2624 commerciorum,
629 2561 721 2611 five
748 2577 1026 2623 armorum,
1050 2560 1143 2610 (ive
1167 2560 1366 2611 alterius
1390 2565 1747 2629 cujuscumque
1780 2564 1849 2616 rei
1880 2566 2038 2642 causa,

158 2648 365 2699 ulterius
389 2636 808 2711 progrederentur
828 2654 843 2698 3
881 2652 974 2686 nec
999 2636 1322 2686 Commercia
1344 2653 1569 2687 exercere
1590 2633 1917 2705 poffent,non
1929 2640 2059 2698 tang--

155 2740 265 2774 tum
293 2717 351 2770 ad
375 2733 429 2767 ea
453 2715 581 2776 loca,
604 2728 709 2777 qua:
731 2710 889 2779 Belgis
909 2725 1052 2761 erant
1076 2706 1301 2777 subjeeta‚
1325 2709 1400 2762 sed
1418 2728 1510 2763 nec
1532 2711 1592 2762 ad
1618 2729 1691 2775 ea,
1713 2713 2037 2783 quaesizijuris

158 2809 307 2857 erant,
345 2788 401 2847 εἴ
431 2791 768 2840 commercium
795 2789 903 2838 alitis
936 2785 1158 2858 gentibus
1188 2785 1435 2838 concedere
1462 2799 1724 2858 poteram&
1763 2804 1818 2839 ut
1850 2805 1943 2843 nec
1972 2790 2044 2844 ad

1939 2868 2038 2924 loca
