2258 3016
821 115 1421 164 APPENDIX.
1996 125 2054 177 ¹3¹

671 192 2053 210 m———fflffl———n———n

789 266 1085 332 SPEID
1112 265 1267 329 ELI
1296 263 1414 329 VS
1439 309 1452 328 ‚

634 378 859 465 Specul.
908 398 1034 438 voe.
1081 371 1292 450 India,
1321 369 1433 457 fol.
1479 379 1614 455 0²36.

312 521 516 571 Vaeritur
538 534 735 579 autem,
774 534 835 569 an
859 517 1089 585 Hispani,
1128 533 1276 584 prout
1300 516 1636 582 praetendunt,
1675 513 2047 580 navigationem

187 519 307 666 Q
348 597 394 644 δι.
422 606 747 643 mercaturam
772 591 831 641 ad
855 592 1003 640 Indos
1025 593 1072 639 &
1096 590 1347 639 lnsulanos
1378 592 1441 637 ita
1479 584 1870 655 praescripserint,
1912 582 2049 651 quod

184 665 308 716 alios
342 683 404 716 eo
436 667 750 734 navigantes,
791 662 1051 731 pracsertim
1087 663 1363 711 Hollandos
1393 661 1653 728 prohibere
1688 659 1905 726 possint?
1957 671 2052 722 qua

184 737 248 788 de
272 738 539 804 quaestione
561 737 656 789 vid.
706 741 748 786 G
765 739 1043 786 RYPHIA
1061 739 1106 784 N
1123 739 1263 784 DER
1301 740 1352 783 in
1384 735 1577 783 trablas.
1610 732 1666 782 de
1692 731 1832 795 Infitl.
1865 744 1960 796 cap.
1983 744 2050 785 25.

184 808 315 870 n49.
344 810 539 879 &stqq.
579 811 662 860 ubi
685 808 942 877 postquam
974 807 1381 876 praescriptionem
1417 805 1651 856 libertatis
1684 803 1948 869 navigandi
1974 819 2053 851 ex-

184 883 366 945 cludit,
408 901 456 934 n.
478 891 544 933 69.
589 882 851 932 discrimen
874 880 987 930 facit
1010 894 1416 940 immaturarum,
1438 896 1557 944 quas
1574 877 1773 944 Hispani
1798 878 1846 924 in
1861 877 2045 926 Orien-

185 957 306 1007 tales
327 958 372 1006 δι
394 954 738 1006 Occidentales
761 951 942 1004 Insulas
964 952 1045 1004 fibi
1078 954 1358 1016 vindicant,
1398 956 1526 1001 inter
1557 951 1739 1000 Insulas
1774 951 1817 998 δε
1846 950 2047 1016 provin-

183 1031 307 1092 cias,
348 1046 467 1096 quas
490 1028 575 1078 sub
599 1025 685 1078 suo
706 1027 924 1095 Imperio
948 1027 1239 1088 continent,
1282 1028 1329 1075 δε
1354 1040 1545 1075 caeteras
1569 1040 1671 1073 non
1697 1022 1917 1072 subditas.
1995 1025 2051 1069 ln

182 1103 260 1152 his
281 1102 420 1152 enim
443 1117 557 1152 cum
585 1100 779 1151 nullum
803 1103 885 1164 Jus
911 1100 1201 1168 possideant,
1229 1098 1339 1161 (nili
1361 1097 1485 1148 forte
1509 1097 1819 1164 privilegium
1845 1092 2052 1160 aliquod

185 1173 246 1224 ab
277 1174 479 1224 illorum
512 1173 733 1242 dominis
764 1174 1175 1241 impetraverint)
1220 1172 1416 1221 nullum
1443 1173 1592 1221 etiam
1629 1168 1931 1238 praescribere
1962 1184 2051 1234 po·

183 1260 391 1298 tuerunt
411 1283 427 1310 ,
476 1265 574 1317 arg.
605 1248 638 1297 l.
661 1262 727 1302 25.
759 1244 818 1296 de
848 1245 1033 1313 ufhcap.
1145 1249 1325 1312 Neque
1348 1244 1470 1312 ipsos
1493 1247 1655 1308 juvat,
1691 1243 1829 1309 quod
1853 1240 1937 1290 diu
1962 1238 2049 1289 soli

183 1318 475 1386 hujusmodi
500 1334 796 1370 mercaturas
820 1331 1144 1369 exercuerunt
1174 1335 1277 1368 non
1303 1317 1399 1368 sine
1424 1317 1642 1368 evidenti
1663 1315 1842 1383 qnaestn
1866 1331 1875 1363 :
1934 1314 2049 1379 quia

183 1393 236 1442 id
269 1392 606 1443 commodum
636 1392 757 1442 boni
786 1390 1043 1443 consulere
1065 1392 1230 1460 potius
1259 1391 1471 1454 debent,
1513 1407 1661 1457 quarn
1687 1389 1735 1439 id
1762 1389 1845 1439 fibi
1873 1388 2047 1437 adem-

185 1479 329 1533 ptum
358 1467 505 1532 quaeri
532 1501 547 1528 ,
587 1482 700 1516 curn
733 1464 784 1515 id
819 1464 876 1514 sit
899 1464 1142 1515 damnum
1166 1481 1271 1514 non
1293 1479 1579 1531 cunengem,
1621 1461 1697 1513 sed
1732 1462 1926 1511 lucrum
1952 1458 2050 1509 ces·

181 1535 289 1588 sans
312 1576 328 1603 ,
373 1537 511 1605 quod
543 1539 594 1587 in
625 1540 733 1603 jure
762 1553 869 1588 non
903 1536 1193 1588 attenditur.
1312 1541 1484 1604 Itaque
1509 1537 1638 1587 reete
1671 1549 1847 1586 monet
1882 1537 1979 1585 CA
1995 1536 2051 1584 E-

183 1614 432 1662 POLLA
474 1610 580 1662 Lib.
601 1618 662 1662 11.
705 1610 765 1661 de
782 1610 922 1677 strv.
953 1610 1062 1672 rust.
1090 1610 1229 1678 praed.
1252 1626 1302 1670 4.
1335 1629 1382 1661 n.
1405 1619 1492 1673 46.
1524 1608 1884 1660 attendendum
1918 1603 2012 1657 else
2035 1643 2052 1669 ,

184 1698 352 1735 utrum
374 1686 482 1753 quis
505 1688 612 1750 jure
632 1682 874 1735 facultatis
897 1684 1021 1752 quid
1043 1682 1215 1746 faciat,
1253 1700 1314 1734 an
1338 1699 1461 1735 vero
1487 1679 1590 1749 iure
1622 1681 1891 1733 servitutis:
1934 1681 2052 1748 quia

182 1758 284 1808 haec
303 1759 499 1808 alterius
520 1756 652 1808 faisto
676 1757 819 1807 nobis
840 1758 1124 1820 interverti,
1163 1759 1355 1822 minui,
1396 1757 1473 1808 vel
1497 1756 1718 1822 restringi
1744 1773 1846 1806 non
1874 1754 2052 1823 potest,

183 1832 216 1880 l.
250 1845 284 1880 1.
323 1830 367 1897 §.
392 1847 454 1890 19.
486 1830 532 1882 d.
565 1849 675 1883 nov.
706 1846 826 1899 oper.
858 1848 999 1882 nunc.
1046 1832 1200 1882 veluti
1236 1830 1267 1881 fi
1308 1831 1641 1898 navigationis
1672 1829 1871 1881 servitus
1904 1827 2052 1879 nobis

183 1903 448 1956 constituta
487 1905 565 1969 fit,
605 1903 744 1973 quod
774 1904 881 1954 fieri
915 1904 1074 1972 potest
1108 1907 1505 1956 CAEPOLLA
1548 1912 1601 1955 L.
1624 1911 1688 1954 ΙΙ.
1715 1918 1813 1971 cap.
1835 1919 1904 1961 29.
1934 1920 1984 1953 n.
2007 1920 2050 1953 ε.

180 1977 273 2030 Illa
304 1995 409 2028 non
433 1979 598 2029 minus
629 1978 735 2029 aliis
763 1995 914 2046 quam
938 1979 1083 2029 nobis
1105 1992 1260 2047 patet:
1295 1980 1408 2046 quia
1431 1978 1572 2043 usuS,
1610 1979 1694 2045 qui
1725 1979 1863 2028 alteri
1894 1978 2051 2043 magis

181 2068 240 2102 ex
263 2051 517 2102 occasione
537 2068 688 2120 quarn
723 2068 779 2102 ex
800 2055 906 2118 jure
926 2052 1194 2119 contingit,
1211 2051 1411 2103 servitus
1436 2068 1542 2102 non
1567 2052 1661 2116 est,
1701 2054 1732 2102 l.
1755 2069 1793 2102 2.
1827 2049 1884 2100 de
1914 2054 2051 2099 rivis.

179 2141 350 2192 neque
375 2126 426 2174 in
447 2142 510 2175 eo
534 2126 830 2175 diuturnitas
851 2125 1097 2192 temporis
1118 2124 1392 2192 quidquam
1423 2125 1646 2194 prodest,
1688 2125 1773 2175 nisi
1806 2118 2051 2175 accefferit

179 2214 291 2248 tum
331 2198 609 2266 prohibitio
651 2197 1025 2266 praescribentis,
1067 2213 1177 2249 tum
1216 2200 1453 2266 patientia
1495 2202 1630 2266 ejuS,
1680 2214 1852 2250 contra
1894 2214 2048 2265 quem

178 2269 501 2338 praescribitur
525 2309 540 2336 ,
588 2275 1066 2325 ROSENTHAL
1104 2271 1163 2322 de
1174 2273 1317 2344 feud.
1348 2287 1445 2340 cap.
1459 2288 1503 2331 5.
1533 2275 1670 2325 concl.
1694 2289 1762 2332 25.
1796 2290 1843 2324 n.
1867 2287 1902 2323 ι.
1943 2288 2049 2338 quo

178 2342 368 2395 faciunt
397 2345 575 2397 tradita
614 2347 888 2416 VASQ.
928 2352 979 2398 in
1003 2347 1184 2415 praefat.
1213 2348 1369 2412 idustr.
1395 2360 1599 2399 controv.
1622 2365 1669 2399 n.
1692 2363 1756 2406 25.
1870 2344 2051 2395 Absur-

179 2416 304 2467 dum
326 2413 471 2478 effet,
510 2422 694 2487 inquit,
736 2418 768 2468 fi
793 2418 985 2482 sedem,
1022 2437 1172 2487 quam
1204 2422 1255 2470 in
1280 2422 1451 2471 littore
1472 2421 1547 2471 vel
1574 2422 1698 2470 mari
1720 2418 1869 2471 semel
1899 2417 2049 2486 cepis·

181 2487 313 2553 sem,
355 2490 534 2541 vellem
561 2491 727 2559 postea
756 2492 889 2559 quasi
920 2508 1025 2543 rem
1057 2510 1224 2544 meam
1259 2494 1516 2562 usurpare,
1557 2511 1812 2561 arrogare,
1850 2507 1932 2542 aut
1965 2508 2047 2541 ve-

179 2575 314 2626 tare,
353 2579 417 2613 ne
440 2564 549 2630 quis
569 2565 820 2632 navigaret
843 2582 928 2633 per
947 2583 1172 2633 aequora,
1209 2568 1261 2616 in
1286 2568 1467 2634 quibus
1489 2585 1584 2635 ego
1608 2565 1756 2619 semel
1792 2566 2049 2632 navigave-

179 2651 284 2685 ram
301 2671 318 2698 ‚
354 2649 440 2686 aut
461 2637 517 2686 iis
541 2637 785 2704 portubus
808 2639 954 2689 maris
978 2637 1024 2689 se
1055 2641 1320 2708 reciperet,
1358 2641 1410 2690 in
1432 2642 1610 2708 quibus
1632 2657 1727 2708 ego
1757 2638 1907 2690 semel
1932 2637 2045 2688 navi

181 2708 409 2775 evectus,
445 2705 853 2783 receptuscffem.
970 2713 1287 2784 In-omnibus
1312 2714 1449 2766 enim
1472 2713 1718 2785 speciebus
1742 2713 1867 2780 istis,
1904 2710 2046 2781 quod

444 2804 447 2807 ·
1285 2789 1329 2839 R
1366 2800 1392 2838 z
1869 2790 2050 2843 attinet
