2258 3016
575 102 882 155 SOCIET.
922 101 1082 151 IND.
1121 101 1708 154 ORIENTALIUM.
2054 120 2084 172 7

188 226 332 286 tales,
352 223 443 273 ve!
461 222 796 285 occidentales,
808 221 901 290 st‘b
917 238 1058 292 poena
1088 223 1323 292 commiafi
1352 221 1411 280 65
1431 231 1718 295 privationis
1750 230 1938 280 illarum
1971 237 2079 281 Pro-

189 302 482 359 vincarum,
510 296 924 369 &fiſsebditorum
946 302 1098 369 aliqui
1118 297 1348 369 κτάνεν-’βὰς
1369 301 1681 370 ‘’aficffl’m›
1701 307 1754 355 in
1774 307 1879 354 illos
1903 310 2075 377 gravi-

187 385 264 427 ter
283 371 767 424 animadvertendum
767 372 896 442 fore.

338 447 609 499 Permansit
628 447 859 516 Belgium
893 443 1217 514 Hispanicum
1243 449 1295 499 in
1312 447 1396 500 ista
1409 450 1774 517 prohibitione,
1799 470 1884 522 per
1897 453 2070 506 Foedus

184 519 505 576 Induciarum
531 523 649 573 anni
671 523 808 587 1609.
852 536 941 571 art.
962 538 1001 587 4
1041 522 1229 574 deinde
1262 540 1348 593 per
1368 523 1529 576 foedus
1555 528 1684 594 pacis
1708 528 2072 580 Monasterien-

185 597 244 649 sis
266 597 461 648 ratione
481 597 722 648 Foederati
749 595 903 663 Belgii
932 613 989 647 ex
1015 596 1245 665 stipulatu
1269 601 1331 649 D.
1352 602 1414 649 D.
1430 601 1777 666 Ordinum‚ne
1790 612 1890 655 Rex
1903 606 2070 673 Hesper-

181 677 395 738 marum,
416 686 538 722 tunc
561 673 746 723 iterum
774 671 929 738 Belgii
951 671 1200 741 Princeps,
1229 676 1281 723 in
1316 673 1509 725 Indiam
1539 681 1834 729 orientalem
1866 681 2069 732 ulterius

168 747 229 817 ft
259 745 553 799 extenderet.
637 745 905 797 Permanlit
928 745 1149 815 denique
1163 765 1247 816 per
1263 749 1586 801 novissimum
1614 750 1791 818 spedus,
1816 753 1953 821 quod
1971 772 2066 805 no-

179 836 291 875 tum
314 820 382 873 est
409 820 493 872 sub
523 822 736 872 nomine
759 821 917 871 Traite
937 821 997 872 de
1018 823 1261 887 Barrz'bre,
1287 824 1588 893 pastumque
1617 829 1748 878 inter
1775 827 2067 898 Angustissi-

179 912 324 949 mum
350 901 703 948 Romanorum
726 900 1090 965 Imperatorem
1113 897 1359 950 Carolum
1383 903 1463 951 VI.
1487 902 1533 952 &
1557 901 1931 954 Serenissimum
1958 907 2069 957 Ma-

178 989 286 1041 gnae
319 972 583 1024 Britanniae
616 974 826 1039 Regem,
860 987 953 1023 nec
979 988 1085 1023 non
1124 976 1459 1042 Praepotentes
1481 979 1543 1027 D.
1568 979 1627 1027 D,
1652 976 1871 1029 Ordines
1886 978 2067 1031 Foede-

179 1048 271 1098 rati
294 1046 470 1117 Belgii,
494 1048 774 1114 Antverpiae
794 1062 929 1098 anno
955 1062 1057 1112 ¹7¹5·
1083 1061 1169 1098 art.
1194 1063 1224 1098 ι.
1262 1065 1367 1117 quo
1402 1050 1605 1120 Belgicae
1626 1053 1916 1116 Provinciae,
1939 1054 2065 1107 alte-

179 1137 467 1174 memoratae
485 1122 711 1173 Caesareae
739 1120 1002 1189 Majestati‚
1027 1136 1269 1190 tanquam
1300 1126 1419 1192 Regi
1454 1126 1742 1192 CatholicO,
1776 1130 1822 1179 δι’,
1857 1130 2064 1180 Glorio-

177 1195 342 1248 fisfimi
372 1197 542 1248 Caroli
566 1195 785 1262 secundi,
810 1194 1161 1266 Hispaniarum
1197 1197 1362 1266 Regis,
1395 1201 1587 1253 Haeredi
1623 1204 1671 1253 &
1693 1200 1977 1268 Successori,
2008 1222 2064 1257 ea

172 1270 285 1340 lege
306 1270 587 1337 traduntur,
607 1285 661 1321 ut
681 1272 888 1341 Caestzrea
898 1271 996 1339 fica
1015 1272 1252 1340 Majeslas
1272 1275 1378 1326 idas
1400 1280 1680 1329 Provincias
1700 1277 1891 1342 habeat,
1910 1285 2063 1351 iisque

169 1360 342 1398 utatur
354 1347 576 1416 fruatur,
586 1346 707 1411 ficut
724 1346 950 1416 postremo
983 1344 1242 1417 defunc‘lus
1271 1357 1375 1400 Rex
1408 1371 1492 1403 eas
1519 1351 1703 1417 babuit,
1731 1351 1790 1409 ὅ
1810 1354 2063 1424 ustesfrui-

168 1435 250 1473 tus
272 1421 352 1491 est,
370 1435 456 1472 aut
474 1421 649 1473 babere
672 1418 731 1476 Εἴ
752 1426 826 1472 uti
832 1424 948 1494 frui
959 1421 1208 1488 debuerat,
1217 1423 1483 1491 secundum
1494 1429 1794 1500 novisstmum
1808 1429 1967 1502 foedus
1980 1435 2061 1483 Ri-

155 1495 391 1566 spicmst'
1006 1573 1054 1640 ς.
1132 1574 1173 1622 ν
1187 1575 1224 1625 1.

321 1639 556 1697 Habuisse
577 1658 747 1697 autem
773 1646 821 1697 8<
845 1641 1101 1715 poffediffe
1123 1665 1304 1700 omnes
1328 1647 1698 1717 praedecessores
1722 1651 1947 1705 Caesareae
1970 1652 2059 1706 suae

167 1720 456 1788 Maiestam,
480 1720 528 1772 &
550 1720 835 1790 supremum
862 1720 1214 1791 Hispaniarum
1246 1727 1454 1795 Regem,
1487 1726 1689 1789 easdem
1724 1727 1824 1780 fine
1857 1730 2058 1798 naviga-

167 1797 312 1848 tione
344 1797 392 1848 &
432 1797 768 1847 Commercio
799 1796 862 1847 ad
896 1797 1059 1848 Indias
1093 1799 1398 1865 Orientales,
1429 1801 1508 1852 vel
1545 1802 1917 1867 Occidentales‚
1952 1819 2057 1855 tam

164 1885 280 1923 ante
301 1887 454 1939 quam
481 1869 589 1943 post
613 1869 774 1921 foedus
808 1874 938 1940 pacis
967 1871 1388 1942 MonasteriensiS,
1419 1876 1755 1929 adstruffione
1788 1895 1894 1929 non
1925 1879 2056 1929 indi-

163 1960 265 2014 get.
342 1949 474 1997 Nam
499 1946 563 1996 de
585 1944 762 1997 nostris
783 1947 1093 2015 temporibus
1117 1948 1167 2000 id
1189 1946 1390 2015 scimus,
1414 1950 1476 2003 de
1498 1952 1849 2004 vetustioribus
1883 1967 2054 2005 autem

115 2064 118 2065 γ
162 2019 324 2072 videri
349 2019 510 2090 potest
529 2021 773 2072 Emanuel
796 2039 823 2073 a
845 2025 1080 2074 Meteren
1100 2023 1172 2074 aa'
1184 2042 1367 2076 annum
1388 2034 1499 2077 1600.
1515 2027 1608 2098 fol.
1633 2035 1738 2089 458.
1820 2027 1916 2079 Ubi
1944 2038 2067 2078 nat-2

163 2110 256 2159 rat,
289 2111 405 2147 curn
440 2096 590 2147 initio
627 2097 858 2164 praeteriti
894 2097 1041 2149 seculi
1082 2098 1292 2166 quidam
1332 2116 1631 2154 mercatores
1672 2100 2053 2172 Antverpienses

161 2166 427 2222 tentassent
450 2172 778 2223 Commercia
803 2171 864 2223 ad
886 2172 1049 2224 Indias
1076 2174 1358 2227 Orientales
1382 2192 1628 2241 exercere,
1654 2182 1842 2246 Regem
1879 2177 2051 2247 Hispa·

155 2247 365 2298 nia-rum
388 2245 517 2298 illud
537 2260 642 2298 tam·
664 2263 789 2314 aegre
811 2244 992 2311 tulisse,
1017 2263 1071 2298 ut
1093 2247 1202 2317 post
1223 2253 1375 2301 varias
1391 2250 2050 2319 severasquecomminatio—

159 2335 270 2384 nes,
296 2319 682 2391 Antverpienses
706 2321 834 2374 illud
857 2318 1122 2376 admissum
1147 2325 1284 2392 gravi
1307 2325 1493 2378 mulcta
1507 2327 1735 2380 600000.
1748 2329 2050 2381 ducatorum

161 2395 302 2449 luere
326 2393 518 2448 necesse
537 2397 824 2449 habuerint.

315 2471 491 2523 Simile
513 2473 637 2540 quid
659 2490 776 2524 cum
803 2471 1054 2524 relatione
1086 2470 1149 2525 ad
1174 2472 1362 2527 limites
1389 2475 1606 2542 nostros,
1637 2491 1788 2547 atque
1818 2477 1882 2531 ad
1904 2474 2047 2530 asser·

158 2545 357 2602 tionem
382 2547 577 2598 articuli
601 2548 765 2614 quinti
787 2548 918 2616 pacis
943 2547 1362 2615 Monasterienfis,
1394 2552 1448 2602 in
1478 2553 1620 2604 india
1651 2554 1899 2605 Orientali
1921 2554 2049 2606 ami·

159 2616 279 2672 diffe
301 2620 492 2694 constat
512 2639 568 2673 ex
590 2621 708 2673 aistis
728 2620 943 2691 supremi
966 2627 1172 2675 Senatus
1202 2625 1459 2677 lndjarum
1490 2628 1820 2695 Belgicarum‚
1850 2628 1930 2680 die
1968 2644 2045 2694 24.

158 2696 344 2766 Aprilis
378 2697 495 2765 11‘653.
538 2714 698 2764 quum
733 2698 940 2766 quidam
986 2696 1209 2750 subditus
1240 2699 1505 2770 Hispaniae,
1535 2705 1744 2755 natione
1776 2703 2049 2756 Brabantus

158 2768 363 2825 forsitan
393 2787 477 2825 aut
507 2773 743 2838 flander,
778 2777 1072 2827 nominatus
1103 2774 1360 2844 Bastianus
1379 2784 1674 2843 ‘Brouvvem
1704 2773 2049 2851 impetrataad

1943 2857 2045 2909 hoc
